3014 4978
198 717 331 778 tinentes
352 717 390 776 ab
410 717 475 776 illis
494 717 647 796 neglectas
663 737 729 779 esse
750 739 789 778 ex
808 711 1051 782 acutissimorum
1070 726 1205 784 virorum

199 820 317 878 celticis
343 821 452 878 studiis
477 819 591 880 affatim
614 827 706 897 patet.
730 855 768 866 —-
797 823 931 882 Druides
955 827 1203 904 sacerdotumque

200 921 338 980 ordinem
356 921 548 998 exquisitioni
561 922 711 996 'scientiae
730 923 894 982 indulsisse
915 945 934 982 a
945 925 1116 984 Niebuhrio
1134 947 1203 1004 pro-

202 1021 342 1096 batur1).-
364 1055 402 1064 -
432 1020 493 1082 sed
523 1031 637 1082 certam
661 1025 777 1102 aliquid
805 1026 843 1083 de
869 1025 967 1085 literis
997 1027 1080 1086 illius
1105 1031 1203 1105 gentis

200 1123 304 1182 afferri
323 1123 437 1200 nequitss
457 1123 529 1200 quia
547 1141 585 1182 ne
605 1145 697 1186 unum
716 1127 837 1203 quidem
856 1137 1080 1186 monumentum
1096 1136 1208 1188 exstat.

200 1255 240 1268 --
260 1211 448 1302 Quamquam
468 1217 588 1297 nescio,
613 1243 651 1284 an
674 1227 745 1284 hino
764 1229 846 1304 quod
870 1227 984 1287 Caesar
1009 1227 1118 1288 Gallos
1143 1250 1205 1288 non

199 1326 343 1404 propriis,
367 1327 421 1384 sed
440 1327 558 1404 graccis
577 1326 675 1386 literis
695 1329 727 1386 in
748 1329 908 1388 scribendo
928 1348 1000 1388 usos
1021 1330 1124 1404 esscl)
1144 1339 1205 1388 tra

199 1426 324 1499 diderit,
353 1427 459 1505 colligi
483 1428 581 1504 possit
604 1427 739 1488 Druides
764 1449 938 1506 graecarum
963 1431 1119 1490 literarum
1142 1451 1205 1490 non

198 1547 324 1603 prorsus
345 1538 484 1606 expertes
504 1530 609 1589 firisse.
1079 1512 1091 1610 Ἰ

275 1628 386 1690 Certae
410 1631 556 1708 reliquiae
581 1631 706 1690 celticae
733 1631 856 1710 linguae
881 1635 913 1692 in
937 1634 1111 1694 nominibus
1135 1653 1205 1711 pro·

198 1731 275 1806 priis
304 1732 449 1799 locorum,
470 1751 726 1809 personarumque
753 1745 950 1793 conservatae
975 1744 1058 1807 suut3
1088 1755 1127 1794 ex
1156 1737 1205 1796 his

198 1833 268 1892 unis
301 1833 435 1892 indolem
467 1833 551 1892 illius
583 1833 705 1910 linguae
735 1835 885 1894 divinare
905 1837 1125 1895 lubricasaoe
1154 1839 1206 1895 via

198 1951 369 2009 possumus.
389 1967 428 1976 -
446 1933 513 1992 Nec
533 1935 560 1994 si
580 1953 613 1992 re
633 1932 902 1996 vera'Britannia'c
921 1937 1049 1995 minoris
1066 1936 1204 2009 incolae,

200 2031 284 2094 Scoti
309 2036 445 2096 montani
469 2035 697 2112 Hibernique³)
725 2037 886 2115 progenies
912 2035 1066 2100 Celtarum
1092 2047 1203 2109 essent,

199 2155 239 2194 ex
266 2138 375 2196 horum
408 2137 599 2202 sermonibus
633 2157 688 2214 per
722 2147 837 2198 tantam
869 2139 1061 2198 saeculorum
1093 2139 1204 2197 seriem

199 2238 303 2298 multis
333 2239 443 2298 alienis
458 2237 628 2298 elementis
659 2240 725 2299 sine
750 2240 843 2298 dubio
873 2241 1039 2316 inquinatis
1069 2241 1203 2317 origines
1233 2283 1237 2291 .

200 2340 325 2400 celticae
343 2340 468 2418 linguae
486 2359 592 2398 eruere
611 2341 718 2400 liceret
729 2343 820 2402 nobis
834 2341 872 2400 ab
887 2341 1027 2400 omnibus
1046 2340 1203 2400 literarum

199 2443 401 2505 monumentis
419 2442 584 2500 destitutis.
604 2473 643 2486 -
662 2443 712 2502 Ex
731 2445 837 2520 paucis
857 2444 919 2502 illis
940 2443 1077 2527 reliquiis
1099 2440 1203 2500 Celtas

199 2563 260 2604 non
280 2544 434 2620 propriam
454 2543 602 2618 quandam
620 2544 742 2622 linguae
756 2546 880 2620 stirpem
894 2545 1030 2603 effecisse
1044 2543 1204 2602 collectum

200 2653 255 2706 est.
304 2643 403 2718 Quam
427 2644 581 2721 paululum
605 2654 705 2710 autem
734 2647 811 2706 lucis
837 2647 886 2705 vel
911 2646 1065 2705 acerrimis
1089 2645 1203 2705 labori·

199 2747 325 2808 boribus
345 2750 514 2826 cognitioni
538 2759 695 2808 caseorum
719 2749 916 2808 occidentalis
940 2749 1083 2823 Europae
1106 2747 1203 2824 partis

199 2849 367 2918 incolarum
392 2852 505 2910 affandi
524 2851 637 2928 possit,
663 2848 823 2925 ingeniosa
843 2847 989 2906 Guilelmi
1009 2848 1203 2906 Humboldtii

200 2952 300 3010 studia
333 2961 494 3024 testantur3
530 2972 568 3010 ex
597 2951 636 3009 iis
666 2957 766 3008 tamen
800 2950 940 3024 antiquos
978 2949 1099 3020 Iberos,
1134 2949 1203 3006 stir-

198 3071 273 3129 pem·
291 3034 473 3127 Vasoorum{
504 3075 522 3112 a
548 3052 644 3112 Celtis
669 3052 806 3109 diversos
831 3050 939 3122 fuisse,
968 3057 1076 3126 postea
1104 3057 1203 3134 autem

181 3147 184 3152 ’
200 3151 303 3214 Celtas
319 3155 488 3233 ‚Iberosque
509 3153 689 3214 commixtos
708 3171 774 3212 esse
789 3151 895 3227 clucet.
934 3149 1015 3213 Huic
1035 3151 1203 3212 sententiae

198 3254 351 3314 Hen'ricus
370 3257 519 3315 Martinus
540 3257 572 3314 in
591 3252 1130 3332 praestantissimis.franco·gallicis
1151 3270 1202 3309 an-

198 3355 319 3414 nalibus
333 3357 546 3433 adstipulatur:
563 3351 713 3436 cunabula
726 3352 879 3412 Celtarum
892 3354 1136 3432 reliquorumque
1148 3372 1202 3430 po-

197 3457 337 3534 pulorum
358 3455 634 3536 indo-germanicae
656 3455 761 3532 stirpis
781 3455 888 3514 Asiam
907 3455 1037 3542 mediam
1056 3454 1151 3512 fuisse
1160 3453 1202 3527 4);

248 3671 269 3722 1)
283 3669 385 3724 alleluiu,
399 3668 505 3722 misticis
519 3669 638 3722 Gricium,
650 3669 678 3710 11.
690 3679 712 3718 p.
724 3667 768 3708 255.

248 3747 270 3798 8)
284 3747 370 3797 cessar,
382 3748 409 3788 ds
423 3747 480 3786 bello
494 3746 548 3786 Gall.
560 3747 597 3786 vl.
610 3757 629 3785 c.
642 3745 673 3784 m
877 3799 882 3803 η

248 3814 269 3866 8)
282 3815 392 3856 Hibernos
404 3818 462 3854 certa
471 3813 551 3862 Gaelis,
563 3812 682 3852 ucocaltis
693 3808 866 3850 adnumerandos
875 3819 923 3850 esse
930 3809 1037 3860 Boppius,
1048 3808 1108 3858 act,
1121 3806 1203 3849 docuit.

247 3890 269 3940 4)
282 3890 351 3930 ilenti
359 3890 446 3938 Martio,
459 3878 516 3928 llist.
528 3889 555 3928 dc
564 3889 654 3928 Franco.
666 3888 684 3926 1.
696 3898 717 3936 p.
725 3887 768 3926 10.:
786 3886 847 3926 Getta
860 3887 960 3926 unllaute
973 3885 1204 3935 race...appsrtsnalt

198 3952 211 3995 i
222 3957 244 3995 la
257 3959 336 4007 grands
349 3957 430 3997 familis
444 3956 545 3995 humatus
558 3955 611 3994 dont
623 3955 689 3994 l'Asic
703 3955 797 3994 centrale
810 3953 875 3994 futla
889 3956 991 3994 berceto:
1003 3955 1035 3994 les
1048 3954 1137 4003 langues
1149 3963 1203 4002 gau·

196 4023 275 4074 loises,
288 4035 371 4064 comme
385 4025 405 4064 le
420 4034 481 4074 grec,
494 4001 611 4062 comma'ls
624 4022 688 4070 latin,
701 4033 785 4061 comma
798 4021 818 4060 le
832 4022 949 4072 tudesque,
962 4031 1045 4062 comme
1058 4021 1078 4060 le
1093 4021 1150 4060 slave
1163 4030 1203 4069 pa-

197 4092 291 4132 ruissent
304 4103 328 4132 sc
341 4091 449 4133 mttscher
461 4100 489 4129 au
501 4088 601 4130 sanserit.

1009 4168 1026 4225 1
1036 4166 1052 4196 ὓ
1140 4197 1142 4202 .
