3014 4978
616 585 958 676 ·-¹⁴.·-·

524 749 578 808 ’1ο
595 751 740 810 mantia
757 750 1113 824 nueagmaamgnc.

401 855 571 915 Colluviem
587 875 654 915 ease
672 857 806 934 linguam
825 858 1084 936 franco-gallicam
1104 858 1326 917 diversissimo·

324 977 390 1016 rum
408 957 622 1015 elementorum
643 959 873 1042 ejusque,verba
892 961 940 1017 vel
960 968 1102 1036 corrupta
1120 960 1170 1018 vel
1189 959 1327 1018 mutilata

324 1077 390 1118 esse
404 1058 490 1116 multi
510 1059 637 1118 infensis
659 1061 767 1118 animis
781 1061 986 1119 criminantur.
1015 1063 1058 1120 At
1070 1059 1199 1137 primum
1212 1061 1327 1131 nescio,

324 1181 362 1220 an
386 1161 499 1235 injuria
520 1160 642 1238 linguae
668 1145 866 1234 obtrectetur,
891 1163 972 1240 quod
996 1181 1035 1220 ex
1060 1161 1164 1220 latinis
1187 1161 1284 1220 literis
1309 1181 1328 1218 a

319 1243 448 1338 juvenili
472 1260 581 1320 alacris
605 1263 738 1342 nationis
763 1261 881 1322 fervore
905 1263 1195 1340 arreptisortusit.
1237 1261 1327 1336 Quod

323 1364 350 1421 si
369 1371 477 1439 postca
495 1362 611 1435 italica,
636 1364 795 1439 hispanica
818 1364 936 1441 aliaque
956 1365 1048 1424 rerba
1070 1365 1327 1442 immigraverunt,
1391 1425 1396 1434 ,

322 1464 435 1524 similia
454 1464 559 1541 quavis
580 1464 611 1521 in
635 1465 740 1541 lingua
758 1465 961 1541 reperiuntur3
985 1475 1074 1544 atque
1094 1466 1262 1542 quaeritur,
1286 1483 1326 1522 an

322 1565 475 1624 uberrima
502 1565 607 1642 lingua
633 1567 819 1643 germanica,
849 1587 925 1644 quae
950 1576 997 1625 tot
1023 1567 1117 1626 verba
1145 1585 1184 1626 cx
1209 1567 1326 1628 franco-

323 1667 433 1745 gallica
452 1675 587 1725 mutuata
606 1667 660 1739 sit,
684 1668 809 1726 eandem
828 1672 918 1746 quam
937 1661 1166 1746 franco-gallica
1181 1668 1327 1727 virtutem

323 1768 491 1828 alienorum
520 1768 736 1832 elementorum
767 1787 822 1828 suo
852 1771 976 1848 ingenio
1005 1769 1326 1832 accommodandorum

322 1856 473 1928 ediderit
499 1868 541 1928 Et
560 1870 683 1928 omnino
702 1870 808 1948 lingua
826 1871 937 1950 magis,
963 1891 1039 1949 quae
1058 1871 1212 1944 laudetur,
1237 1889 1326 1947 quam

321 1990 398 2048 quae
421 1971 621 2046 vituperetur,
646 1972 738 2049 digna
758 1980 818 2044 est,
843 1972 871 2030 si
891 1982 1010 2032 servata
1032 1973 1158 2049 propria
1181 1981 1288 2030 natura
1308 1991 1327 2030 a

279 2057 280 2062 ἵ
326 2071 477 2130 communi
501 2073 680 2132 commercio
705 2092 767 2130 non
793 2073 944 2132 abhorret.
968 2107 1006 2116 -
1034 2073 1229 2151 Etymologia
1253 2091 1328 2144 sane

320 2173 566 2249 franco-gallicae
579 2174 701 2254 linguae
715 2165 869 2233 interdum
881 2174 1061 2234 difficillima
1073 2183 1129 2247 est,
1149 2175 1202 2234 sed
1217 2174 1327 2251 vulgus

320 2273 580 2351 franco-gallicum
600 2276 677 2334 hauc
697 2276 737 2336 ob
758 2295 879 2335 causam
900 2295 961 2336 non
981 2277 1080 2336 minus
1101 2295 1190 2353 quam
1211 2293 1326 2354 germa-

321 2377 422 2434 nicum
442 2376 490 2436 sui
511 2377 659 2436 sermonis
679 2377 809 2453 peritum
827 2386 881 2439 est.
917 2377 1117 2438 Germanicae
1136 2377 1254 2438 radices
1273 2393 1326 2452 pa-

321 2478 396 2536 riter
410 2475 572 2536 Germanis
592 2497 681 2555 quarn
700 2478 947 2556 franco-gallicae
960 2479 1184 2556 Franco-gallis
1204 2479 1327 2555 ignotae

322 2587 401 2640 sunt.
433 2578 536 2638 Altior
556 2579 690 2658 cognitio
710 2579 832 2657 linguae
851 2581 952 2640 ubivis
972 2581 1047 2640 viris
1067 2581 1175 2652 doctis,
1195 2595 1256 2638 non
1271 2579 1325 2636 hu·

302 2680 387 2764 'mili
400 2679 491 2757 vulgo
512 2680 583 2738 data
595 2689 650 2738 est.
669 2713 708 2721 —
727 2683 827 2758 Atque
846 2665 968 2760 linguae
981 2682 1074 2742 verba
1092 2665 1249 2758 paullatim
1269 2680 1326 2738 im-

244 2765 253 2838 s
321 2773 487 2852 mutantur3
517 2781 625 2859 quodsi
649 2790 695 2842 tot
718 2782 849 2846 saeculis
878 2783 1093 2860 praeterlapsis
1118 2783 1212 2842 verba
1234 2761 1334 2840 aliam

321 2881 448 2940 formam
461 2882 640 2957 induerunt„
651 2884 705 2942 vix
716 2884 856 2943 mutilata
873 2885 1093 2962 depravataque
1114 2884 1175 2942 dici
1188 2890 1325 2959 possunt.

322 2981 404 3058 Quid
428 2992 516 3042 nocet
538 2985 640 3062 prisco
666 2994 787 3059 trunco,
809 2987 836 3046 si
862 2986 965 3046 aridos
989 3003 1090 3044 ramos
1114 2983 1327 3056 deciderimus,

321 3094 355 3146 ut
374 3085 446 3146 novi
465 3086 709 3164 progermineut?
719 3086 744 3162 1)
830 3135 833 3142 .

654 3199 692 3258 lta
709 3200 816 3261 educta
834 3201 988 3263 creamur.

352 3324 353 3328 ¹
397 3296 469 3358 tam
492 3297 525 3356 in
550 3298 676 3356 exordio
701 3299 924 3360 dissertationis
945 3299 1081 3360 celticam
1103 3297 1238 3376 linguam
1258 3313 1327 3358 cum

321 3400 494 3478 germanica
510 3418 620 3477 magna
637 3401 861 3460 necessitudine
873 3405 1063 3478 conjunctam
1077 3417 1143 3460 esse
1163 3399 1326 3458 innuimus.

321 3504 422 3579 Atque
450 3501 568 3574 nescio,
597 3521 635 3560 an
665 3502 743 3562 hanc
771 3503 892 3580 quidem
919 3502 1100 3562 sententiam
1128 3502 1196 3578 ipsa
1218 3499 1327 3558 celtica
1369 3535 1373 3542 -

321 3604 428 3677 verba,
457 3612 492 3662 ut
523 3622 599 3682 quae
631 3603 774 3682 pleraque
808 3605 845 3664 ad
875 3605 1043 3675 teutonicas
1072 3603 1191 3666 radices
1219 3600 1328 3688 reterri

321 3706 450 3782 possint,
471 3705 656 3778 confirment,
676 3714 722 3766 ut:

373 3866 393 3919 1)
405 3867 452 3908 dae.
465 3865 559 3916 Grimm,
575 3867 679 3907 deutsche
693 3867 897 3919 Grumm.,11.,14.:
922 3867 965 3907 Die
979 3865 1130 3907 numelreiche
1144 3861 1220 3905 ilt'ests
1234 3859 1325 3913 sprache

321 3935 402 3976 eruant
414 3935 462 3976 alcu
473 3935 600 3984 lebcudlger
612 3945 690 3974 numen
704 3936 750 3974 und
762 3934 852 3983 wdmr,
870 3929 906 3974 ῆι·
918 3935 985 3974 deren
997 3933 1183 3983 uomnaudtgkett
1196 3933 1241 3972 und
1253 3932 1326 3971 beste-

321 4002 407 4053 lrungen
425 4003 460 4042 ihr
476 4002 525 4043 eina
543 4001 594 4042 nilla
612 4013 655 4042 von
673 4003 773 4042 ablanten
790 4013 818 4042 au
835 4003 912 4054 gebota
926 4002 1009 4043 aunan.
1035 3999 1077 4040 Die
1091 4001 1189 4051 spuere,
1206 3999 1279 4040 intem
1292 4001 1325 4040 sie

301 4107 305 4114 ,
321 4070 413 4123 sturzeln
427 4069 532 4120 aulglebt,
545 4069 630 4108 ablaute
644 4068 719 4107 fabren
732 4068 797 4118 lisst,
814 4070 882 4107 streht
895 4067 962 4106 durch
970 4059 1093 4116 'sorderung
1106 4068 1144 4106 der
1158 4067 1268 4116 ableitung
1281 4065 1325 4104 und

321 4139 547 4186 auatmmcmetaung,
560 4136 724 4204 bensutchkait
735 4136 780 4176 uud
793 4135 935 4176 dsudtctrkett
947 4136 986 4176 das
999 4143 1067 4184 gamo
1080 4124 1328 4176 recensendum.
