3014 4978
609 553 937 628 4,-

152 794 156 801 ¹
223 791 226 796 Δ
302 743 471 802 corumque.
484 726 517 784 in
535 723 626 788 bellis
640 725 735 783 sacris
756 725 872 797 attinet,
892 743 954 783 non
966 742 1109 802 magnum
1129 725 1158 783 ei
1172 715 1304 787 tribuen-

302 829 373 886 dum
398 835 457 899 est,
477 817 629 903 ¹quoniam
658 825 712 884 illo
737 835 873 902 tempore
896 846 958 884 non
976 827 1079 886 ¹modo
1110 823 1306 886 fundamenta

301 930 423 1008 linguae
443 928 689 1006 franco-gallicae
706 931 790 1002 jacta
809 937 904 1000 erant,
925 929 979 987 sed
999 929 1241 1004 etiamparietes
1261 931 1306 988 ita

297 1034 362 1106 jam
392 1031 537 1089 exstructi
571 1038 669 1102 erant,
702 1037 735 1106 ut
765 1029 831 1088 sola
861 1030 1041 1116 contagione
1074 1030 1167 1088 alieni
1199 1031 1306 1107 populi

302 1133 397 1191 everti
418 1129 584 1208 nequirent.
1031 1210 1033 1218 y
1210 1206 1211 1214 ἵ

379 1234 449 1291 Jam
476 1233 503 1290 si
527 1233 697 1292 veresimile
718 1241 777 1304 est,
802 1233 883 1310 quod
908 1234 1094 1309 accepimus,
1120 1234 1207 1293 sedes
1232 1233 1304 1293 Gal·

302 1335 362 1394 liae
382 1334 548 1410 antiquitus
568 1355 587 1392 a
607 1332 703 1393 Celtis
724 1343 884 1410 occupatas
905 1335 1009 1408 fuisse,
1030 1335 1131 1396 celtici
1147 1354 1220 1394 sane
1240 1336 1305 1394 fon·

302 1438 343 1496 tis
368 1435 472 1512 opinio
496 1435 595 1511 primo
621 1436 766 1512 adspectu
789 1455 851 1494 non
874 1437 1001 1496 multum
1026 1459 1045 1496 a
1068 1457 1139 1497 vero
1165 1439 1305 1496 aberrare

301 1538 430 1596 videtur.
471 1534 540 1610 Qua
559 1538 624 1595 veri
645 1539 745 1612 specie
770 1539 857 1597 multi
877 1541 937 1598 viri
957 1540 1039 1608 docti
1063 1541 1107 1598 ita
1126 1539 1213 1598 abusi
1234 1539 1304 1610 sint,

302 1648 345 1698 ut¹
360 1639 496 1718 ingentia
519 1639 828 1718 glossariafictarum
849 1642 1021 1702 colticarum
1041 1642 1177 1704 radicum
1197 1639 1306 1701 conde·

301 1750 383 1813 rent,
414 1749 444 1798 et
467 1749 578 1797 temere
602 1739 718 1814 verbis,
748 1761 825 1818 quae
855 1763 893 1800 ex
921 1743 1016 1802 latina
1046 1743 1139 1818 stirpe
1168 1749 1305 1816 repetere

301 1842 469 1918 nequirent,
490 1841 628 1898 celticam
648 1841 863 1920 etymologiam
879 1851 1095 1919 supponerent.
1131 1840 1213 1916 Quin
1232 1859 1305 1898 vero

302 1929 427 2000 latinam
461 1943 596 2019 linguam
626 1942 750 2002 celticae
780 1945 867 2021 stirpi
905 1945 992 2020 quasi
1017 1944 1208 2001 'inoculatam
1238 1960 1305 2014 esse

303 2044 442 2102 arbitrati
468 2052 545 2102 sunt.
571 2075 609 2086 -
633 2045 742 2103 Merito
768 2045 876 2104 celtica
904 2045 979 2102 haee
1009 2045 1130 2103 insania
1153 2045 1309 2126 plerisque

303 2154 443 2221 suspecta
456 2144 592 2204 habetur.
625 2143 657 2204 N
658 2165 691 2203 ec
706 2147 779 2218 scio,
800 2166 840 2206 an
855 2147 1095 2226 franco-gallicis
1107 2147 1183 2207 viris
1197 2128 1306 2217 doniis,

302 2247 393 2304 etiam
418 2247 506 2322 hujus
530 2247 614 2319 aeui,
638 2247 748 2324 quippe
773 2249 824 2324 qui
849 2248 1037 2325 germanicas
1068 2248 1214 2308 dialectos
1244 2266 1306 2308 non

302 2349 441 2422 calleant,
462 2349 575 2410 crimen
595 2357 706 2406 temere
726 2349 863 2410 fictarum
882 2349 1018 2411 radicum
1033 2348 1208 2410 celticorum
1228 2350 1305 2416 irro-

302 2453 369 2527 gari
387 2451 494 2526 possit.
534 2449 585 2518 Sic
604 2449 725 2508 lexicon
739 2469 757 2508 a
770 2449 981 2510 Bescherelleo
1003 2449 1182 2523 contectum,
1203 2469 1305 2528 quam-

301 2553 348 2610 vis
362 2554 565 2627 praestantius
586 2552 694 2610 ceteris
709 2569 776 2610 esse
790 2551 926 2624 ducatur,
944 2552 1062 2629 largam
1077 2561 1210 2630 segetem
1218 2552 1305 2620 arbi·

301 2653 462 2712 trariarum
476 2654 649 2712 celticarum
663 2651 913 2729 etymologiarum
927 2644 1071 2714 continet.
1089 2686 1127 2698 —
1146 2653 1192 2714 Le
1205 2653 1305 2711 Pelle-

195 2747 198 2754 ’
303 2755 376 2825 tier,
403 2763 507 2814 auctor
533 2755 605 2816 libri
630 2755 769 2830 inscripti
797 2756 1017 2830 ,Dictioaaoirc
1041 2758 1085 2818 da,
1106 2757 1157 2814 baa
1180 2754 1305 2827 ostrow,

300 2855 455 2914 nonnullis
473 2855 673 2918 monumentis
694 2855 819 2916 celticae
838 2857 961 2935 linguae
982 2875 1021 2926 eu
1041 2857 1162 2916 saeculo
1181 2855 1251 2916 XV.
1272 2875 1305 2915 se

302 2974 390 3014 usum
405 2974 470 3014 esse
484 2957 644 3032 gloriatum
665 2957 719 3016 sed
738 2955 786 3016 his
807 2960 1008 3018 monumentis
1029 2959 1105 3034 ipsis
1118 2957 1192 3018 fides
1207 2959 1305 3019 detra·

302 3057 408 3126 nenda¹
422 3066 485 3129 est,
504 3075 596 3132 quum
621 3059 768 3119 dialectos
789 3061 954 3134 armorica,
981 3061 1060 3136 (sive
1085 3061 1156 3135 ,boc
1175 3058 1305 3134 bretoa“)

303 3177 342 3216 ex
356 3157 454 3220 mistis
468 3175 586 3234 graeca,
604 3157 709 3231 latina,
729 3162 912 3240 germanica,
931 3161 1163 3239 franco-gallica
1177 3161 1305 3237 denique
1347 3213 1352 3226 .

281 3297 284 3301 -
303 3258 419 3335 linguis
436 3257 605 3332 composita
624 3277 692 3319 esse
712 3261 858 3322 videatur.
1043 3259 1046 3264 ’

183 3432 195 3452 ⁸
299 3361 301 3364 ’
379 3361 429 3418 Ab
458 3358 614 3416 hocloco
644 3378 706 3418 non
735 3363 1010 3438 absonum-fuerit,
1039 3364 1074 3425 ut
1098 3385 1174 3443 quae
1198 3375 1306 3431 netum

303 3461 427 3518 celticae
451 3460 587 3536 linguae,
613 3480 689 3536 quae
714 3464 779 3536 ejus
801 3475 994 3525 monumenta
1018 3467 1092 3540 sint,
1117 3487 1305 3544 quaeramus,

380 3559 470 3634 Quod
497 3561 536 3618 ad
562 3563 735 3621 universum
759 3563 842 3622 vitae
865 3566 977 3627 cultum
1001 3565 1156 3626 Celtarum
1180 3577 1306 3645 spectat,

289 3660 470 3722 'Grimmius
496 3660 599 3724 Celtas
629 3662 818 3739 elegantibus
847 3667 982 3728 moribus
1013 3687 1085 3728 usos
1103 3683 1178 3730 'esse
1206 3689 1262 3730 nec
1287 3689 1307 3730 a

300 3762 457 3845 literarum·
482 3765 581 3842 gratia
604 3763 799 3824 abhorruisse
821 3776 925 3826 censet
939 3767 980 3842 1);
1008 3789 1104 3845 neque
1131 3759 1307 3836 cmnmercii

301 3862 491 3938 societatem,
515 3885 612 3948 neque
637 3873 717 3926 artes
741 3867 780 3924 ad
799 3867 946 3928 humanae
970 3869 1051 3928 vitae
1071 3871 1217 3937 utilitates
1236 3889 1307 3948 per-¹

262 4069 265 4076 ’
352 4093 373 4143 1)
386 4091 432 4132 Jnc.
446 4091 535 4145 (triam,
548 4093 651 4136 deutsche
665 4077 803 4146 ilythologis.
815 4095 832 4136 L
843 4106 866 4146 p.
879 4093 956 4138 XXVI.
