3014 4978
671 562 752 595 *t
790 527 814 596 ε
867 561 937 574 m
977 573 980 580 Ι

302 701 342 762 ad
373 701 532 780 imperium
562 703 734 775 ascendisse
768 699 984 770 concedamus,
1016 695 1163 758 Germani
1196 706 1308 773 umen,

302 807 361 870 etsi
386 824 534 864 summum
559 805 690 864 studium
714 803 819 860 latinis
842 802 940 860 literis
964 801 1185 878 impendentes,
1210 803 1306 880 magis
1330 877 1333 882 Δ

218 976 225 990 ,
302 908 494 985 peregrinam
512 907 648 984 linguam
668 905 733 964 suis
752 903 902 974 sensibus,
923 923 1013 982 quam
1027 921 1100 964 suos
1113 921 1220 964 sensus
1239 923 1307 981 per·

274 992 276 998 ¹
302 1009 425 1087 egriuae
445 1009 567 1087 linguae
582 1009 826 1068 accommodasse
839 1007 989 1068 videntur.
1010 1037 1048 1050 -
1068 1003 1129 1065 Sed
1141 1025 1203 1064 non
1216 1005 1306 1064 modo

300 1111 410 1170 formis
429 1111 641 1170 artificialibus
665 1105 853 1186 syntbeticae
877 1108 1136 1185 linguaelatinao
1156 1107 1307 1190 excidium

301 1214 475 1290 parabatur,
496 1213 710 1271 verumetiam
732 1212 888 1290 siquibus
912 1211 1002 1269 robus
1023 1209 1218 1288 designandis
1238 1217 1309 1286 apta

302 1315 399 1373 latina
418 1309 542 1373 nomina
561 1317 699 1386 deerant,
720 1314 844 1372 nomina
861 1332 901 1371 ex
920 1298 1057 1388 ipsorum
1076 1311 1181 1388 lingua
1200 1312 1309 1368 hausta

305 1399 482 1476 inferebant.
534 1418 584 1475 Ex
617 1417 674 1475 hac
707 1416 800 1494 igitur
830 1413 1011 1493 germanicis
1041 1412 1197 1472 elementis
1228 1431 1307 1472 com-

290 1517 400 1594 'mixta
418 1519 515 1578 latina
534 1520 647 1596 lingua,
667 1517 898 1594 franco-gallica
916 1515 1040 1593 prodire
1059 1515 1180 1591 coepit.v

380 1620 530 1678 Nonnulli
544 1621 575 1678 in
588 1605 693 1698 lingua
705 1601 820 1678 rustica
830 1638 958 1684 romana
971 1637 989 1675 a
1001 1617 1157 1678 literarum
1171 1619 1309 1691 oratione

303 1741 429 1799 prorsus
443 1722 565 1782 diversa
576 1722 758 1799 principium
772 1721 954 1797 analyticum
971 1719 1164 1796 jampridem
1181 1719 1308 1779 latuisse

304 1832 435 1882 censent.
456 1857 494 1866 »-
514 1823 665 1882 Fuchsius
686 1825 723 1881 de
743 1823 878 1888 romanis
902 1822 1015 1898 linguis
1040 1839 1222 1899 magnopere
1247 1841 1308 1880 me·

303 1927 380 1984 ritus
405 1926 531 1998 frustra,
552 1935 585 1984 ut
605 1926 738 1984 indolem
762 1925 845 1984 illius
865 1924 997 1982 rusticae
1021 1923 1143 2000 linguae
1167 1923 1308 1996 illustret,

302 2029 430 2087 laborat.
472 2012 675 2104 Quaecunque
696 2047 735 2086 ex
753 2026 888 2085 romanis
909 2025 1084 2084 auctoribus
1104 2023 1217 2097 attulit,
1241 2045 1308 2084 eam

303 2131 435 2188 rusticae
454 2129 577 2206 linguae
598 2137 749 2202 naturam,
770 2143 863 2205 ¹quam
887 2130 953 2205 ipse
966 2129 1035 2187 sibi
1058 2128 1162 2200 finxit,
1186 2129 1309 2206 minime

303 2233 447 2309 probant3
467 2231 499 2288 id
520 2249 626 2301 unum,
646 2219 728 2307 quod
747 2249 836 2289 nemo
856 2232 993 2308 negabit,
1015 2230 1177 2290 ostendunt
1196 2229 1308 2288 latinae

304 2333 452 2392 orationis
478 2331 658 2407 elegantiam
684 2351 703 2388 a
726 2331 817 2408 vulgo
844 2340 1015 2406 corruptam
1037 2347 1104 2390 esse
1115 2332 1149 2406 ¹).
1194 2332 1244 2390 Ex
1264 2351 1310 2390 re·

302 2455 369 2493 rum
394 2442 502 2492 natura
525 2441 761 2491 cousentaneum
781 2441 827 2490 est
852 2432 1007 2509 vulgarem
1027 2449 1206 2504 sermonem,
1227 2441 1257 2491 et
1276 2434 1309 2492 in

302 2535 563 2613 pronunciatione,
584 2543 615 2591 et
629 2535 661 2591 in
675 2533 902 2610 neglegentiore
916 2535 1077 2592 verborum
1098 2534 1255 2605 electione,
1276 2536 1309 2593 in

303 2635 501 2695 solutioribus
533 2634 661 2710 denique
697 2635 868 2693 structuris·
887 2655 906 2692 a
934 2636 1032 2712 polita
1063 2635 1219 2694 literarum
1249 2638 1308 2696 ele·

304 2737 415 2815 gartia.
428 2736 632 2812 discrepuisse
652 2719 922 2813 grammaticusque
945 2737 1028 2815 leges
1049 2726 1308 2816 elegantioresque

304 2839 453 2906 orationis
473 2839 796 2914 numerosplerosque
817 2857 835 2896 a
854 2837 945 2917 vulgo
966 2840 1122 2918 ignoratos
1141 2840 1308 2918 neglectus-

303 2961 361 3020 que
381 2959 457 3004 esse.
501 2938 746 3004 Ohsoletioribue
772 2941 879 3000 formis
905 2949 995 3018 atque
1015 2942 1186 3018 antiquiore
1206 2943 1309 3002 colore

302 3046 438 3122 lingnam
461 3041 606 3100 rusticam
630 3043 799 3118 praeditam
824 3043 919 3101 fuisse
948 3044 1123 3102 testimonia
1147 3063 1185 3102 ex
1210 3045 1308 3104 literis

303 3147 408 3206 latinis
429 3151 549 3218 sumpta
569 3133 777 3202 demonstrant
805 3177 843 3214 ,—
863 3143 981 3216 Cicero,
1002 3145 1054 3221 qui
1077 3153 1235 3204 nautarum
1254 3147 1308 3204 hu·
1372 3165 1373 3170 ¹

303 3248 370 3306 mili
390 3245 542 3317 societati,
558 3253 601 3302 ut
621 3246 712 3304 etiam
732 3247 875 3306 minutias
899 3247 1022 3334 linguae
1041 3257 1249 3324 cognosceret,
1275 3265 1309 3306 se

304 3349 481 3418 immiscuit,
508 3347 545 3404 de
566 3347 686 3406 diversa
703 3349 836 3407 rusticae
856 3335 977 3426 linguae
998 3357 1104 3407 natura
1126 3369 1164 3408 ne
1184 3351 1308 3408 verbum

305 3451 426 3528 quidem
441 3448 544 3506 edidit.
564 3481 602 3490 --
622 3446 657 3508 si
676 3469 749 3508 vero
764 3447 947 3510 Caesaribus
967 3451 1185 3526 imperantibus
1204 3453 1309 3533 lingua

355 3679 376 3730 1)
390 3679 525 3733 Raynoucrd,
538 3678 632 3720 Gramm.
646 3689 715 3728 comp·
729 3679 767 3720 des
780 3681 837 3730 lang.
850 3680 876 3720 de
890 3680 929 3718 ΓΕ.
941 3681 979 3720 lat.
991 3692 1012 3730 p.
1026 3681 1132 3723 xnvnt:
1152 3681 1181 3720 Et
1193 3680 1262 3722 mimo
1275 3683 1308 3722 les

304 3751 391 3788 savants
405 3747 442 3796 qui
459 3751 497 3786 ont
510 3745 622 3786 demontre
636 3758 677 3804 que
696 3749 716 3786 lc
729 3750 808 3798 peupls
823 3749 849 3787 do
863 3749 930 3788 Rome
948 3752 970 3787 et
988 3749 1026 3788 des
1045 3759 1173 3798 campagnes
1186 3750 1265 3798 perluit
1279 3762 1307 3791 un

305 3817 359 3856 latin
372 3827 494 3864 corrompu,
507 3825 530 3855 se
544 3815 624 3854 servait
637 3807 803 3864 d’expressions,
817 3817 843 3856 tle
857 3819 936 3856 termes
950 3815 1049 3855 insolitas
1063 3827 1090 3854 ou
1104 3813 1232 3867 mitigante,
1245 3823 1266 3857 et
1280 3819 1307 3858 de

305 3889 420 3924 tcnrnnres
429 3883 533 3931 triviales,
545 3876 651 3922 n’ont-ils
660 3893 700 3933 pas
713 3883 792 3933 fourul,
805 3893 845 3933 par
857 3884 915 3924 leurs
924 3895 1015 3936 propres
1028 3885 1162 3934 recherches,
1177 3897 1217 3924 nne
1227 3897 1307 3935 prauus

307 3951 406 3992 tridente
420 3952 471 4002 qn'il
484 3951 594 3990 n'existait
611 3961 651 4000 pas
664 3948 677 3990 i
689 3953 756 3990 Rome
769 3962 798 3990 un
815 3949 896 3992 idioma
910 3953 1045 4003 particulier,
1062 3953 1155 4004 puisquo
1169 3965 1205 3994 ces
1221 3957 1308 4003 tarmes,

307 4031 344 4060 ces
357 4024 425 4068 mota,
443 4020 537 4069 quoique
550 4019 667 4068 grossiora,
685 4015 766 4060 etaient
779 4019 883 4062 toutefois
896 4018 1007 4072 employis
1020 4021 1081 4062 selon
1094 4021 1177 4072 l'esprit
1190 4025 1212 4062 st
1224 4020 1308 4072 d'apres

304 4089 338 4130 les
351 4088 432 4130 formes
445 4088 471 4128 do
485 4089 506 4128 la
519 4085 646 4140 grammaire
659 4087 738 4130 latinas
1009 4091 1010 4096 ¹
