3014 4978
649 590 981 668 ·.....2e.....

345 769 501 850 imponere
519 770 606 851 etita
619 772 809 832 commodare
824 771 932 844 solent,
950 780 983 830 ut
997 771 1034 831 ab
1049 770 1189 832 omnibus
1202 771 1266 831 fere
1280 790 1351 851 gen·

302 926 304 930 ,
345 875 426 935 tibus
445 875 645 953 accipiantur,
666 882 711 934 ut:
730 879 864 952 avignon,
884 877 1053 945 octennem,
1074 875 1182 951 hesepe,
1202 876 1352 946 curtensis,

344 981 489 1038 cordonare
508 976 739 1054 (cordonnier)‚
763 980 880 1049 dantes,
894 980 1025 1054 seleuce,
1045 977 1230 1049 mancheetre,
1249 996 1352 1049 moros,

344 1085 502 1158 increpate,
521 1081 678 1151 mthznut're,
698 1083 873 1152 moacouede,
893 1085 1029 1156 sanquis,
1045 1082 1110 1139 tibet
1123 1088 1178 1140 ete.
1199 1113 1237 1130 «-
1257 1080 1352 1138 Tales

343 1185 465 1245 termini
484 1184 516 1243 in
537 1183 676 1242 omnibus
697 1183 778 1242 vitae
798 1183 935 1260 partibus
957 1190 1127 1258 occurrunt,
1151 1191 1240 1264 atque
1260 1182 1313 1242 vix
1333 1201 1352 1239 a

301 1299 308 1315 ·
342 1285 503 1367 peregrino
525 1285 679 1348 exhauriri
700 1294 836 1364 possunt.

655 1482 659 1489 ·
704 1471 741 1529 us
759 1471 984 1540 uenationum.

419 1595 584 1656 Nominum
614 1597 719 1674 inopia
748 1598 876 1676 quadam
905 1595 1184 1676 franco-gallicam
1213 1596 1349 1675 linguam

341 1701 451 1778 premi,
482 1701 553 1778 quia
580 1699 722 1758 facultate
747 1699 1022 1776 componendorum
1045 1694 1206 1758 verborum
1229 1698 1349 1775 privata

341 1803 395 1876 sit,
421 1821 510 1879 saepe
531 1806 594 1878 jam
615 1802 726 1861 dictum
747 1810 801 1860 est.
822 1834 859 1844 -
879 1805 979 1880 Atque
1002 1801 1138 1878 profecto
1160 1805 1182 1858 a'·
1198 1799 1348 1876 composi·

340 1906 423 1965 tione
437 1905 559 1982 linguae
574 1899 821 1981 franco-gallicae
838 1904 992 1982 ingenium
1005 1903 1180 1980 plerumque
1194 1901 1347 1975 abhorret,

339 2007 394 2068 sad
412 2005 490 2064 hanc
506 2009 655 2081 jacturam
676 2007 798 2083 explent
817 2006 903 2083 larga
923 2005 1142 2064 derivationum
1164 2003 1301 2062 subsidia
1311 2003 1346 2077 1).

340 2107 523 2170 Germanica
542 2109 574 2166 in
593 2109 698 2186 lingua
711 2109 879 2186 composita
891 2108 984 2166 verba
1003 2117 1064 2166 tam
1084 2107 1254 2185 ii'equentia
1266 2114 1346 2177 eunt,

338 2221 372 2270 ut
392 2213 489 2270 oratio
515 2212 664 2270 interdum
688 2211 834 2287 impedita
857 2219 946 2288 atque
970 2209 1085 2268 tumida
1109 2209 1169 2268 fiat.
1215 2207 1346 2286 Compo-

338 2315 409 2373 sitio
430 2314 475 2371 ibi
494 2333 617 2394 munere
638 2331 692 2371 suo
713 2321 782 2389 apte
801 2313 950 2390 fungitur,
973 2312 1026 2369 ubi
1047 2313 1121 2370 duas
1142 2312 1282 2370 notiones
1301 2311 1347 2368 ita

338 2416 506 2494 conjungit,
531 2424 565 2474 ut
588 2434 678 2473 unam
702 2399 789 2492 quasi
814 2415 975 2492 imaginem
1000 2413 1144 2484 efficiant3
1175 2415 1228 2472 sed
1251 2412 1346 2472 verba

327 2517 433 2575 latina
455 2522 586 2588 societas,
609 2520 725 2591 justitie
748 2524 904 2594 praestant
927 2516 1122 2594 germanicis:
1156 2511 1344 2594 &dedidicit

338 2614 582 2696 &etedtiglet'ssp
603 2621 675 2696 quia
694 2618 742 2676 hic
763 2619 916 2694 simplices
937 2619 1076 2675 notiones
1097 2617 1279 2695 flagitantur.

415 2717 513 2797 Saepe
537 2701 701 2799 queruntur
720 2721 778 2778 hoc
804 2719 916 2777 illudve
942 2719 1066 2776 verbum
1091 2720 1290 2806 compositum
1311 2719 1343 2778 in

336 2825 441 2902 lingua
453 2807 682 2902 franco-gallica
701 2830 762 2880 tam
777 2829 915 2880 accurate
933 2821 1018 2880 reddi
1040 2841 1100 2880 non
1113 2842 1214 2899 posse,
1235 2831 1268 2880 ut
1281 2840 1342 2880 vox

335 2928 403 2985 voci
416 2927 606 3003 respondeat.
641 2923 701 2986 Sed
715 2925 754 2982 ob
769 2924 889 3002 singula
901 2924 994 2982 verba
1014 2925 1051 2982 de
1065 2923 1207 2982 universa
1218 2924 1341 3000 linguae

334 3037 443 3087 natura
458 3028 590 3104 judicari
602 3028 714 3104 nequit,
734 3027 913 3102 praesertim
928 3047 1018 3104 quum
1031 3025 1124 3106 verba
1139 3044 1187 3084 res
1202 3025 1341 3085 sensibus

335 3132 504 3190 subtractas
525 3129 715 3207 designantia
734 3149 803 3186 raro
826 3129 858 3186 in
878 3129 1007 3188 diversis
1026 3129 1139 3206 linguis
1159 3128 1250 3204 plane
1271 3145 1341 3188 eou-

334 3241 451 3311 gruant.
481 3234 581 3310 Atque
595 3233 651 3289 hac
671 3231 708 3288 de
724 3237 810 3306 parte
824 3230 937 3296 nulla-m
950 3231 1084 3308 linguam
1104 3229 1135 3287 in
1150 3229 1240 3287 aliam
1254 3248 1341 3288 accu-

333 3343 398 3394 rate
408 3343 524 3394 vertere
537 3335 617 3392 lieet.
648 3333 691 3394 Ut
705 3333 784 3390 enim
798 3334 951 3392 teutonica
963 3333 1056 3391 verba
1069 3332 1237 3409 composita
1251 3350 1341 3408 aegre

313 3498 315 3502 ,
333 3427 570 3515 franco-gallicis
583 3436 801 3512 exprimuntur,
817 3435 860 3492 ita
872 3435 1166 3513 franco-gallicarum
1178 3433 1340 3492 derivatio·

332 3559 403 3598 num
424 3539 607 3598 subtilitates
628 3537 781 3597 teutonica
800 3537 905 3614 lingua
924 3537 1102 3596 difficillime
1121 3537 1297 3594 redduntur.
1380 3541 1382 3545 '

408 3642 641 3701 Derivationum
665 3640 745 3698 enim
769 3640 872 3716 copia,
897 3659 974 3718 quae
998 3646 1143 3697 attentum
1168 3643 1199 3696 et
1218 3647 1339 3698 acutum

331 3745 463 3805 animum
483 3752 646 3815 testantur,
670 3741 908 3821 franco-gallica
926 3742 1032 3821 lingua
1052 3741 1191 3800 omnibus
1211 3739 1339 3818 reliquis

381 3975 402 4027 1)
415 3975 461 4016 lae.
475 3975 566 4024 (tritam,
579 3975 683 4015 deutsche
698 3975 839 4024 Grammattk,
852 3974 879 4014 11.
892 3986 914 4024 p.
927 3973 985 4014 tlt:
1007 3973 1049 4013 den
1062 3969 1147 4022 mange}
1161 3983 1189 4011 an
1201 3981 1339 4035 nussmmen-

331 4047 449 4094 setzungsn
462 4042 562 4096 vergutst
579 4044 634 4084 allen
654 4045 806 4087 romenlechen
824 4044 931 4094 epirosen
946 4043 984 4084 ein
1001 4042 1123 4086 retentatur
1135 4051 1179 4082 voa
1193 4039 1339 4090 thleimngea.

330 4113 363 4153 lm
376 4113 494 4152 deutschen
508 4111 591 4151 verhilt
604 4122 627 4151 es
641 4112 687 4150 sich
702 4113 757 4151 nehs
771 4112 904 4162 umgekehrt.

381 4179 402 4232 2)
415 4179 566 4229 lechum,
579 4179 683 4220 deutsche
697 4180 838 4229 Gremnratttr,
851 4179 879 4219 11.
891 4189 913 4230 p.
925 4175 970 4219 965.
1020 4183 1022 4188 ·
