3024 4990
688 566 955 637 ...4ο-

319 741 437 818 augeri:
466 739 530 812 „De
553 740 639 814 relies
660 758 680 795 a
699 737 830 808 Βαναπῆ
853 737 950 810 (vioer
974 739 1009 796 tle
1027 736 1112 813 relies
1128 737 1325 812 ‹le-Barna),·

319 863 348 919 p.
369 843 434 900 181.
453 843 544 913 „delto
563 849 633 898 estre
653 843 728 916 quite
741 857 798 914 Ῥω·
817 839 841 895 le
860 839 954 898 obioal
975 857 1044 896 soom
1059 839 1156 914 petro‘
1180 841 1275 914 (riser
1298 842 1323 899 le

319 945 413 1003 elioal
430 945 470 1001 de
489 951 559 1001 sona
573 940 687 1018 potre);
710 943 767 1000 deit
786 931 873 1000 donar
892 941 916 998 le
935 941 1020 1000 dener
1041 939 1120 1000 Soiot
1134 941 1207 1000 Pero
1224 943 1323 1016 (viret

318 1047 342 1103 le
362 1046 448 1103 clomr
467 1043 509 1102 *de
535 1032 614 1102 Setot
633 1041 729 1114 Pers).
768 1041 871 1100 Verba
889 1043 935 1102 sio
959 1043 1025 1105 sine
1044 1035 1166 1102 vinonio
1183 1034 1274 1119 juxta
1287 1041 1325 1103 Tse

318 1146 429 1223 posite,
449 1144 540 1205 etiem
560 1163 640 1202 nuno
659 1144 692 1201 in
710 1143 822 1220 prisois
834 1144 936 1204 verbis
950 1143 1042 1203 obvia
1053 1143 1159 1221 psuois
1179 1144 1211 1204 in
1225 1163 1323 1204 saere-

319 1255 420 1306 mento
434 1241 467 1305 a.
481 1243 703 1306 DGCOXLIII
711 1247 775 1321 jam
788 1245 963 1322 reperimus.
976 1277 1014 1288 -
1035 1243 1132 1323 Saepe
1145 1235 1237 1304 immo
1251 1252 1338 1305 vero

319 1349 495 1424 plerumque
528 1347 694 1424 genitivum
722 1365 777 1422 per
805 1347 963 1406 oirouitnm
991 1348 1227 1424 praepositionis
1255 1349 1325 1420 „ds“

321 1442 510 1526 enprimunt3
544 1449 618 1506 haee
653 1448 857 1506 inoonstsntia
886 1447 984 1508 serius
1013 1449 1132 1508 demum
1156 1437 1324 1520 evanescit,

320 1558 410 1626 atque
430 1549 583 1626 usquead
603 1556 731 1608 aetutem
751 1547 901 1608 Ludorioi
919 1549 976 1607 IX:
996 1549 1110 1608 formae
1133 1550 1323 1626 franco-gal-

321 1651 400 1709 linae
424 1650 550 1726 linguae¹
570 1649 723 1708 limantur.
767 1649 890 1709 Primus
914 1657 1013 1708 autem
1037 1649 1208 1711 Gruilelums
1229 1651 1324 1711 Usur-

320 1758 410 1827 petor
428 1751 563 1827 linguam
581 1749 680 1809 literis
701 1749 914 1810 stabiliendam
938 1752 1067 1824 ouravit3
1092 1771 1221 1832 namque
1241 1760 1323 1812 ente-

321 1869 410 1928 quam
429 1851 527 1910 literis
546 1851 652 1930 lingua
670 1850 798 1922 fovetur,
816 1841 933 1911 formae
952 1853 1085 1912 incertae
1104 1853 1256 1912 vacillant.

397 1937 473 2010 Inde
492 1971 511 2010 a
523 1950 682 2012 ⁴Guilelmo
697 1951 886 2029 Uaurpatore
904 1971 1000 2032 usque
1019 1953 1122 2015 eri-St.
1136 1955 1325 2014 Ludovioum

320 2053 442 2130 linguae
471 2053 640 2131 ingenium,
670 2061 704 2112 ut
732 2053 846 2113 formes
875 2055 1039 2128 stabiliret,
1073 2057 1160 2134 quasi
1182 2055 1324 2114 luctando

320 2153 484 2224 nitebatum
514 2155 594 2230 quod
618 2154 751 2222 studium
779 2173 818 2213 ex
840 2156 944 2216 multis
973 2157 1079 2216 formis
1103 2157 1281 2234 temporum
1295 2165 1326 2216 et

320 2253 479 2324 modorum
508 2255 685 2314 discrimina
713 2256 966 2332 exprimentibus,
991 2267 1081 2336 atque
1104 2277 1143 2318 ex
1165 2258 1251 2319 miris
1270 2277 1324 2324 no-

285 2343 287 2349 ’
319 2373 426 2414 vorum
445 2355 600 2416 nominum
619 2357 853 2418 formationibus
873 2359 1062 2438 intelligitur.

671 2633 974 2641 ———.---—--—-—

670 2645 974 2656 ——-.-.——-—-—-——
