3014 4978
564 583 633 594 ....
683 546 831 615 5....

196 718 308 780 debant
323 715 364 794 ¹),
391 717 456 799 etsi·
475 717 604 795 denique
628 719 768 778 Massilia
792 718 951 794 Gallorum
971 720 1109 780 Athenae
1134 735 1201 782 esse

195 821 429 904 praedicabatur.
444 819 484 896 2);
503 821 613 880 latina
641 827 741 881 tamen
765 821 871 900 lingua
898 826 933 881 ut
954 823 1046 882 arbor
1070 823 1200 882 alienam

137 913 139 916 ¹
189 925 228 984 in
256 923 411 1002 regionem
441 923 662 1000 transplantata
693 941 847 1002 nunquam
881 924 913 982 in
943 922 1048 983 Gallia
1075 932 1200 984 naturae

196 1026 340 1108 vigorem·
352 1023 499 1096 obtinuit,
523 1033 588 1084 arte
607 1043 668 1084 non
688 1035 809 1097 natura,
830 1025 910 1084 alma
928 1027 1061 1098 nutrice,
1081 1025 1198 1084 coleba

195 1137 253 1188 tur.
306 1125 429 1200 Gallica
465 1125 616 1204 elegantia
652 1129 744 1188 nimis
781 1128 946 1187 artificiosa
979 1126 1200 1188 Germanorum

195 1227 432 1306 irrumpentibus
461 1229 591 1288 catervis
621 1230 742 1290 saeculo
767 1230 804 1288 V.
825 1231 933 1290 'cultus
961 1230 1079 1291 romani
1109 1230 1198 1290 flores

195 1329 421 1409 detergentibus
442 1321 612 1390 abstrusam
632 1331 848 1390 obscuritatem
867 1328 1053 1409 captabant).
1072 1363 1111 1374 --

226 1487 227 1492 ,
271 1432 435 1491 Praeterea
459 1431 491 1489 in
515 1432 695 1508 quibusdam
719 1441 800 1492 certe
821 1433 941 1494 Galliae
960 1413 1197 1511 partibus'pris-

195 1555 261 1596 cam
280 1535 415 1612 linguam
436 1534 587 1592 communi
607 1535 639 1592 in
659 1536 840 1606 commercio
859 1536 992 1594 nondum
1010 1529 1221 1611 obsolevissef¹

195 1635 402 1698 testimonium
439 1634 566 1710 praebet
598 1635 748 1713 Ulpianus
765 1637 805 1712 4).
862 1635 1034 1714 (Sulpicius
1067 1635 1197 1697 Severus

193 1739 277 1800 Diei
306 1739 332 1797 Ι.
361 1736 416 1796 ult.
445 1737 606 1815 distinguit
634 1738 713 1797 inter
742 1739 881 1800 celticam
909 1739 1108 1817 gallieemque
1140 1739 1198 1798 lin-

194 1840 306 1921 gnam.)
330 1828 478 1914 'Insuper
503 1839 623 1898 acriora
647 1841 684 1898 de
707 1840 775 1918 lege
798 1841 893 1900 salica
916 1841 1017 1900 studia
1036 1841 1197 1898 admodum

193 1941 352 2020 probabile
378 1939 575 2000 reddiderunt
590 1940 711 2000 celtica
731 1943 802 2016 juta
821 1943 911 2017 juxta
929 1941 1034 1998 'latina
1057 1941 1197 2000 instituta

194 2045 300 2107 eodem
327 2041 417 2100 modo
447 2061 507 2119 quo
537 2043 712 2121 indigenam
738 2042 874 2120 linguam
895 2045 984 2118 juxta
1007 2041 1196 2119 peregrinam

193 2145 226 2232 in
245 2144 357 2204 linibus
377 2141 539 2222 Belgarum
559 2144 684 2223 durasse
694 2144 730 2220 ⁵).

270 2245 370 2321 Quum
393 2247 426 2304 in
449 2245 584 2324 gentium
612 2245 793 2324 migratione
813 2239 916 2304 'omnis
941 2243 1045 2304 Gellia
1064 2244 1195 2305 ¹Germa·

192 2351 300 2410 norum
328 2347 439 2424 copiis
456 2347 581 2424 impleta
609 2356 699 2424 atque
723 2347 929 2408 Romanorum
959 2346 1111 2414 imbecillo
1140 2349 1195 2408 ima

192 2452 277 2530 perio
302 2457 406 2526 erepta
429 2456 526 2520 esset,
548 2449 639 2508 etiam
663 2449 832 2508 artificialis
855 2449 914 2508 iste
937 2449 1060 2526 linguae
1082 2450 1195 2510 latinae

108 2621 114 2628 ,
192 2553 289 2614 cultus
313 2550 413 2628 periit.
437 2582 475 2592 -
500 2547 700 2626 Sequentibus
726 2551 854 2610 saeculis
878 2553 1030 2628 usquead
1051 2546 1195 2612 carolum

191 2657 334 2734 Magnum
345 2652 478 2715 tenebris
492 2652 682 2730 ignorantiae
695 2653 940 2730 immanitateque
952 2653 1194 2732 barbariei‘pres-

192 2759 235 2818 sis
255 2756 344 2816 initia
363 2753 619 2831 franco-gallicae
642 2743 764 2832 linguae
783 2755 911 2830 produci
931 2765 1038 2832 coepta
1057 2764 1135 2815 sunt.
1156 2789 1211 2818 -‚

192 2857 253 2920 Sed
265 2875 445 2936 quamquam
465 2863 498 2914 ut
512 2854 651 2920 omuibus
665 2855 849 2932 inpartibus
862 2876 881 2914 a
893 2858 1002 2916 mentis
1016 2857 1194 2930 subtilitate,

191 2981 253 3020 non
277 2979 296 3018 a
320 2957 456 3035 corporis
481 2957 593 3017 robore
617 2957 833 3034 pendentibus,
861 2957 906 3016 sic
930 2956 1121 3034 hicquoque
1145 2977 1193 3017 ro·
1234 3036 1239 3041 -

191 3081 280 3122 mana
299 3061 464 3120 auctoritas
483 3059 701 3136 praepollebat,
722 3059 833 3118 devicti
853 3066 953 3117 tamen
972 3057 1193 3118 Romani-Ger-

191 3163 289 3224 manis
328 3161 547 3240 imperantibus
586 3161 721 3240 linguam
754 3180 840 3221 suam
872 3179 934 3219 non
966 3162 998 3218 vi
1015 3147 1018 3153 ¹
1036 3160 1194 3238 iniungere

190 3273 338 3344 poterant.
353 3297 391 3308 -
404 3262 566 3356 Quocirca,
586 3272 619 3323 ut
631 3263 757 3325 latinam
770 3263 905 3342 linguam
917 3262 1076 3340 paullatim
1088 3277 1193 3322 rursus

241 3496 262 3548 1)
275 3495 390 3545 Augurtln.
408 3492 454 3534 Gir.
466 3492 517 3532 Deir
528 3493 585 3533 xix.
597 3503 619 3544 p.
632 3494 662 3534 a:
682 3494 712 3534 At
725 3493 783 3534 enim
798 3503 864 3542 opera
876 3492 927 3531 dats
940 3495 981 3541 est,
994 3495 1018 3532 nt
1031 3491 1150 3541 imperiosa
1162 3493 1193 3532 ei-

190 3564 246 3604 vitas
258 3575 305 3602 non>
316 3563 386 3602 solnm
397 3563 485 3611 jugum,
500 3571 575 3601 rerum
588 3561 654 3602 etiam
666 3562 762 3613 linguam
775 3571 836 3603 suam
849 3559 938 3600 domitis
951 3560 1052 3610 gentibus
1065 3570 1193 3610 perpacem
1238 3563 1239 3566 ’

190 3631 301 3672 societatis
314 3631 443 3680 imponeret.

204 3701 207 3708 '
240 3713 261 3766 r)
275 3715 360 3764 meere,
372 3709 439 3764 pru
451 3713 494 3763 aas
509 3714 606 3764 reatus,
619 3715 714 3765 egaea.
726 3716 757 3764 a,
775 3715 851 3756 scaea
864 3715 901 3755 iv.
913 3725 934 3764 p.
948 3713 992 3753 181.

239 3797 261 3850 θ)
276 3797 339 3838 cent.
351 3795 485 3850 miraberis,
498 3796 604 3849 villatica
618 3797 730 3850 alteratur,
742 3799 805 3856 &cit
819 3799 876 3841 1850.
896 3811 919 3849 p.
931 3798 975 3840 306.

240 3883 261 3936 4)
276 3884 382 3934 Ulpianus
394 3881 417 3921 in
431 3883 495 3932 Digg.
507 3882 601 3932 xxxn,
613 3883 656 3924 Tit
669 3885 685 3923 L
703 3896 725 3934 p.
737 3887 779 3925 11.:
799 3885 863 3925 Fidei
876 3885 993 3926 commissa
1006 3891 1133 3934 quocunqne
1147 3892 1192 3922 ser·

189 3962 252 3992 mone
265 3951 360 4001 relinqui
372 3954 471 4000 possunt,
483 3962 527 4008 non
540 3950 611 3990 solnm
623 3951 702 3993 Latina
715 3954 749 3992 vel
759 3951 848 4002 Graeca,
861 3949 900 3994 ¹sed
913 3954 979 3994 etiam
988 3951 1071 3993 Punica
1083 3951 1117 3990 vel
1131 3949 1191 3990 Gal-

187 4020 279 4064 licana
291 4019 325 4058 vel
338 4018 427 4059 alterius
440 4020 585 4070 emnecunque
599 4019 677 4068 gentis.

239 4085 265 4156 ⁵)'
274 4101 408 4156 berniciis,
421 4101 527 4158 mimtldsr
539 4102 650 4154 litterator,
662 4114 684 4154 p.
696 4104 728 4144 72.
