3014 4978
534 539 687 680 „¹29
731 641 800 652 ..-

239 779 305 841 Neo
324 793 436 862 parvus
452 782 598 840 'numerus
616 781 777 840 verborum
798 799 836 838 ax
853 772 1014 856 participio·
1028 797 1167 856 praesen-

164 885 204 942 tis
225 892 255 942 et
273 883 431 959 praeteriti
450 883 597 959 temporis
616 883 741 959 fingitur
752 881 786 957 1).

241 985 461 1067 Frequentioru
473 993 573 1043 tamen
586 985 735 1043 vocabula
752 992 822 1044 sunt
835 1001 874 1042 ex
888 983 1066 1061 imperativo
1080 991 1169 1060 atque

163 1088 315 1164 praesenti
335 1095 470 1162 tempore
484 1087 632 1164 deducta,
650 1105 726 1164 quae
746 1087 887 1165 analogia
909 1086 1053 1146 similium
1073 1093 1168 1144 teuto-

162 1191 299 1248 nicorum
313 1187 518 1265 exemplorum
531 1187 681 1263 ructarit
709 1188 778 1247 Hoc
798 1190 829 1247 in
848 1188 1046 1248 derivationis
1059 1171 1169 1265 genere

164 1309 253 1366 saepe
273 1291 445 1367 imperativi
460 1291 586 1348 duorum
611 1291 772 1349 verborum
786 1291 973 1367 copulantur,
993 1299 1040 1348 nt:
1064 1291 1088 1347 le
1101 1291 1168 1362 jou-

157 1393 210 1466 joa
230 1391 264 1467 (i.
279 1412 304 1450 e.
321 1391 502 1467 jone-jone),
523 1393 756 1468 tepuere-pasce,
776 1393 801 1450 le
820 1393 1022 1466 choatepleure
1042 1400 1094 1450 aut
1113 1393 1168 1450 im-

162 1494 315 1570 perativus
330 1493 379 1552 vel
398 1493 573 1572 plerumque
588 1513 732 1571 praesens
751 1503 869 1571 tempus
893 1513 959 1552 oum
980 1495 1169 1554 substantivo

163 1580 355 1682 conjungitur
364 1594 400 1671 ³).
430 1595 577 1656 Extrema
585 1597 660 1656 haec
669 1597 811 1656 formatio
825 1597 972 1656 latissime
986 1597 1017 1654 in
1031 1614 1169 1656 sermone

164 1697 282 1775 vulgari
301 1707 399 1775 patet,
423 1709 512 1778 atque
532 1719 621 1758 unam
638 1702 752 1774 justam
772 1699 1002 1776 compositionis
1021 1697 1170 1758 rationem

162 1799 419 1878 franco-gallicae
438 1802 559 1882 liuguae
580 1793 681 1860 efficit.
701 1811 739 1844 *-
762 1801 869 1876 Itaque
887 1801 919 1859 in
939 1801 1057 1878 vulgari
1077 1799 1170 1860 collo·

164 1903 235 1979 quio
249 1903 348 1962 verba·
361 1905 418 1964 ha'c
437 1905 555 1964 ratione
572 1904 643 1960 ficta
660 1901 841 1960 creberrime
854 1901 953 1958 audiri
967 1910 1105 1977 possunt,
1125 1911 1169 1959 ut:

165 2004 371 2080 bruile-queuis,
389 2013 625 2082 paese-portent,
644 2004 851 2079 porte-feuille,
873 2003 1082 2073 tire-bocciau,
1103 2007 1168 2061 tire·

165 2105 244 2176 botta
264 2109 434 2182 corpe-tete,
454 2109 641 2183 porte-diae
665 2114 721 2164 etc.
745 2139 783 2148 -
807 2104 855 2164 Ne
876 2105 1028 2164 scribendi
1048 2104 1169 2180 quidem

164 2207 315 2286 elegantia
334 2210 389 2268 has
409 2210 522 2268 formas
542 2209 667 2298 respuit

240 2309 384 2371 Rariores
408 2320 478 2370 sunt
500 2311 697 2380 formationes
721 2310 810 2387 hujus
834 2296 967 2387 gene'ris:
992 2307 1169 2366 nolitote-ro·

165 2422 234 2483 sote,
254 2413 450 2484 bercta-rimie,
470 2417 667 2491 eope-semme.

260 2597 297 2655 lte
315 2597 532 2660 truvationiiua
549 2597 725 2670 tunctune
743 2597 912 2671 srlatunn
929 2595 1068 2658 iunctis.

238 2721 341 2781 Verba
373 2732 403 2781 et
435 2725 579 2801 praefixis
613 2731 643 2781 et
675 2721 793 2782 suffixis
827 2722 953 2800 syllabis
987 2721 1169 2780 derivantur.

161 2821 299 2882 Franco·
306 2823 417 2902 gallica
441 2824 546 2903 lingua
570 2844 676 2884 omnes
700 2826 764 2883 iere
786 2825 897 2883 latinas
922 2824 1055 2902 syllabas
1080 2823 1170 2897 hujus

162 2926 283 3006 generis
304 2935 439 2986 mutuata
458 2926 576 3005 largam
595 2945 722 2987 messem
743 2912 963 2985 teutonicarum
984 2925 1102 3000 adjecit

201 3098 206 3108 ι
238 3031 338 3109 Atque
347 3029 592 3106 frequentissima
601 3030 718 3106 syllaba
727 3028 863 3105 praefixa
872 3037 919 3086 est
929 3025 1169 3101 „mtac“=„mec“

162 3151 196 3178 =
217 3129 299 3202 ,μηθ’ιι
319 3138 365 3188 ut:
395 3132 582 3190 mteoonuitre
602 3129 816 3208 (millenarii),
840 3131 959 3206 miprtec
978 3125 1169 3207 (Ἦῑίῇςτίῇ),

162 3231 268 3304 incipiit
280 3227 517 3312 (iltiiotttrrg),
537 3235 697 3293 mtcre'aaee
710 3229 932 3311 (ffliifiglttbe).
946 3263 985 3274 -
1004 3231 1107 3289 Etiam
1126 3230 1169 3288 la-

161 3332 222 3390 tius
236 3341 326 3390 antea
338 3334 436 3409 patuit
452 3353 526 3394 usus
539 3336 628 3411 hujus
643 3335 788 3411 syllabae,
807 3353 897 3412 quum
912 3351 1015 3392 omnes
1029 3333 1169 3392 notiones

162 3433 232 3494 aliis
252 3435 423 3494 contrarias·
440 3435 497 3495 hac
509 3437 649 3514 simplici
668 3437 719 3496 via
739 3436 908 3514 exprimere
928 3435 1070 3494 solerent.

213 3645 233 3697 1)
246 3645 454 3698 cuntramnus,
468 3646 540 3688 choix
552 3645 836 3702 retractaremus,
849 3650 879 3691 VI
887 3648 935 3700 voi..
948 3646 1010 3690 Paris
1019 3644 1170 3696 itit-1821„

163 3718 185 3752 οἱ
197 3713 258 3766 Dira
271 3713 313 3760 Gr·
326 3716 345 3758 t.
359 3716 425 3759 ara.
438 3714 493 3767 &tr
507 3716 535 3756 IL

212 3806 233 3857 Ξ)
247 3817 275 3846 ex
288 3818 316 3846 a:
334 3808 480 3857 Habe-danis,
493 3809 656 3874 ιιιιτ-οιι-ίιιοιὶΙ
665 3809 725 3862 (chre
738 3811 780 3850 den
794 3810 893 3862 medan),
906 3807 1104 3860 spring-ins-ieid,
1117 3805 1169 3846 seit-

161 3875 264 3923 vertreib,
275 3875 409 3925 isba-recht,
422 3875 578 3927 iurante-gott,
590 3881 713 3928 trau-gott,
726 3879 859 3927 flete-tren,
871 3878 1001 3920 isba-vrohi.
1201 3877 1202 3882 ’

212 3967 233 4019 8)
246 3968 294 4008 Hoc
307 3969 474 4018 compositionis
488 3981 556 4020 genus
565 3970 669 4010 confundi
684 3981 727 4008 non
737 3970 802 4009 debet
811 3980 860 4008 cum
869 3970 958 4019 antiqua
971 3969 1009 4009 illa
1022 3970 1113 4018 ratione,
1126 3977 1168 4018 qua

161 4043 228 4083 purae
241 4035 326 4074 radices
340 4035 522 4086 conglutinantur.
548 4039 611 4089 Quod
624 4049 651 4076 ne
665 4041 792 4085 statuamus,
804 4041 879 4075 monet
891 4037 945 4085 ipsa·
953 4039 1107 4089 orthographia
1119 4047 1169 4086 par·

102 4105 107 4112 ·
160 4105 196 4140 tas
207 4102 284 4142 horum
297 4104 468 4170 compositorum
482 4107 596 4147 verborum
611 4105 730 4156 antiquitus
743 4105 808 4155 plane
822 4103 934 4154 divellens,
946 4116 1004 4145 nunc
1017 4107 1097 4147 iineoia
1110 4108 1168 4146 certe

161 4169 285 4222 sejungens.
496 4169 498 4174 '
