3014 4978
672 559 938 626 -.4.-

302 735 409 794 Iberos
429 740 543 804 autem,
568 721 601 790 ut
621 731 680 809 qui·
692 750 711 788 a
730 731 852 790 diversa
876 729 971 805 stirpe
991 725 1214 800 descenderint,
1238 726 1304 811 nul-

302 837 363 894 lam
383 835 558 894 societatem
579 852 646 891 cum
666 830 762 890 Celtis
783 832 856 890 olim
876 831 1020 889 habuisse
1030 829 1064 906 l).
1085 869 1087 874 ,

379 939 481 1012 Atque
500 954 533 992 re
552 953 626 993 vera
645 951 838 1012 quaecunque
862 933 899 992 de
919 931 1016 992 Celtis
1036 941 1191 1010 comperta
1214 931 1305 990 habe-

303 1057 380 1110 mus,
404 1056 440 1094 eo
461 1037 582 1111 ducunt,
605 1044 638 1094 ut
657 1036 834 1094 affinitatem
854 1041 934 1093 certe
955 1033 1114 1093 Celtarum
1130 1043 1160 1093 et
1180 1033 1305 1094 Germa·

233 1195 238 1212 ,
303 1155 411 1198 norum
430 1139 525 1197 fuisse
538 1143 722 1205 censeamus.
760 1136 896 1213 Utraque
915 1136 998 1193 natio
1019 1135 1129 1195 multas
1149 1137 1181 1194 in
1201 1143 1306 1214 gentes

304 1243 436 1300 discreta
445 1239 486 1314 ²),
509 1241 618 1298 iisdem
637 1241 701 1299 fere
721 1238 857 1297 moribus
876 1237 1066 1314 publicisque
1086 1238 1234 1312 institutis
1255 1237 1306 1294 ad·

303 1345 386 1401 dicta
404 1339 515 1416 fuiti)-
527 1375 565 1384 -
584 1339 787 1400 Hillmannus
807 1339 946 1415 speciosa
965 1339 1083 1396 ratione
1103 1355 1213 1396 nomeu
1232 1355 1305 1414 quo-

304 1464 364 1521 que
387 1443 487 1526 gentis
511 1443 557 1500 ad·
574 1441 776 1520 germanicam
794 1440 927 1500 radicem
946 1440 1068 1498 reduxit
1082 1439 1118 1516 4).
1143 1470 1181 1482 —-
1206 1435 1306 1526 Quum

304 1546 422 1620 deinde¹
437 1545 561 1602 nomina
583 1543 708 1620 propria
731 1542 867 1600 locorum
890 1559 1146 1619 personarumque
1170 1553 1308 1618 persero:

304 1655 385 1706 tatus
405 1654 495 1718 esset,
515 1645 654 1702 affinitati
674 1645 799 1702 celticae
819 1653 849 1702 et
868 1629 1056 1721 germanicae
1078 1645 1307 1722 liuguae'suum

306 1767 424 1826 quoque
445 1745 594 1804 calculum
614 1726 725 1820 adjecit
733 1745 769 1821 ⁵).

381 1849 531 1925 Equidem
562 1855 605 1906 et.
620 1848 686 1923 ipse
715 1847 786 1905 huic
815 1846 983 1912 sententiae
1007 1845 1144 1904 addictus
1169 1855 1307 1904 naturam

305 1951 455 2007 internam
475 1949 600 2008 celticae
624 1950 745 2026 linguae
766 1949 829 2006 ulla
853 1967 892 2006 ex
914 1955 1001 2024 parte
1026 1948 1091 2004 erui
1114 1945 1205 2024 posse
1229 1967 1308 2024 nego
1393 1978 1395 1982 ·

306 2070 400 2127 eaque
421 2051 569 2110 elementa
588 2051 709 2129 linguae
729 2049 985 2128 franco-gallicae,
1006 2067 1082 2126 quae
1095 2049 1186 2127 vulgo
1202 2043 1309 2107 celtica

306 2136 455 2226 dicuntur,
475 2173 515 2213 ex
534 2153 706 2230 germanico
726 2153 809 2213 fonte
828 2151 991 2228 repetenda
1010 2145 1077 2230 esse
1097 2169 1205 2210 censeo
1216 2151 1252 2226 ⁶).

382 2254 544 2330 Reliquum
568 2263 628 2328 est,
658 2263 692 2321 ut
720 2257 752 2312 in
777 2237 955 2312 sententiam
976 2271 1083 2332 eorum
1112 2255 1310 2330 inquiremus,

306 2357 358 2432 qui
387 2375 426 2414 ex
448 2376 510 2413 uua
537 2355 626 2413 latini
653 2357 802 2414 sermonis
829 2356 924 2430 stirpe
953 2355 1222 2431 franco-gallicam
1250 2357 1309 2414 lin-

306 2435 395 2535 guam
416 2458 560 2538 derivent.
604 2459 704 2534 Atqu'e
730 2465 875 2516 auctores⁴
893 2457 982 2531 hujus
1008 2457 1174 2515 sententiae
1193 2475 1243 2517 res
1263 2461 1308 2536 ip·
1380 2437 1384 2443 ¹

306 2577 356 2617 sas
376 2559 532 2634 paululum
550 2557 729 2633 detorquere
749 2559 825 2614 mihi
841 2557 990 2616 videntur.
1025 2557 1105 2616 Nam
1123 2560 1181 2618 etsi
1199 2561 1309 2636 proba—

304 2660 367 2716 bile
391 2667 437 2716 est
456 2666 565 2735 pacata
585 2658 627 2736 inj
639 2656 743 2723 Gallia
761 2677 917 2716 romanam
936 2658 1072 2736 linguam
1092 2659 1145 2717 diu
1165 2661 1309 2718 nutritam
1364 2657 1366 2660 ’

306 2769 388 2831 esse,
408 2759 617 2816 etsiRomani
636 2767 803 2837 propagata
822 2758 959 2836 ipsorum
978 2761 1084 2840 lingua
1107 2761 1309 2836 subjectarum

305 2861 440 2936 gentium
463 2859 614 2919 libertatis
639 2862 810 2936 pertinaces
835 2863 953 2922 animos
978 2865 1075 2941 magis
1100 2864 1222 2922 domare
1248 2871 1310 2923 stu-.

357 3121 377 3172 1⁸)
391 3119 459 3160 Henri
469 3119 555 3170 Martio,
568 3121 622 3160 ibid.
634 3122 651 3161 Ι.
663 3133 685 3171 p.
692 3122 733 3162 12:
747 3123 790 3164 Les
803 3123 883 3174 iberes,
897 3121 978 3165 arrives
992 3099 1109 3188 peut-dtrq
1120 3135 1147 3166 sn
1157 3126 1258 3178 Espagne
1271 3137 1311 3178 por
1329 3152 1331 3156 -

304 3187 416 3238 mirique,
428 3198 456 3227 ns
470 3199 493 3228 rs
506 3189 628 3236 rattacheut
640 3187 756 3238 peut-irre
769 3191 833 3239 point
845 3188 858 3230 d
868 3192 890 3230 la
903 3193 982 3241 grande
995 3192 1076 3232 sanrilla
1090 3193 1310 3244 indo-germanique3

261 3286 263 3290 .
304 3257 353 3296 leur
364 3257 454 3305 langage
467 3259 501 3294 n‘a
513 3253 579 3296 luisse
593 3257 620 3296 de
633 3257 727 3314 ysstiges
744 3267 786 3308 que
800 3259 853 3298 dans
869 3259 890 3299 le
905 3261 997 3300 dialecto
1010 3258 1140 3302 ude-alters
1157 3263 1196 3302 des
1205 3263 1311 3316 quuss,

306 3327 328 3362 et
341 3325 395 3362 dans
408 3324 440 3362 les
454 3320 628 3364 denominatione
642 3321 821 3374 geographiques.

223 3437 227 3444 ·
311 3397 314 3402 Ι
357 3423 379 3476 2)
393 3422 495 3475 itlrbubc
509 3422 616 3475 bibulidie
631 3422 750 3476 (bricium,
762 3425 790 3464 11.
802 3402 825 3475 pi
837 3425 892 3477 25³,
910 3429 1015 3485 Bolybius
1028 3429 1055 3470 11.
1069 3441 1088 3470 e.
1101 3429 1133 3470 17.
1180 3405 1183 3413 ¹

357 3523 379 3576 3)
392 3524 461 3566 Henri
473 3525 560 3576 Martio,
572 3524 629 3566 Hist.
643 3524 670 3566 de
680 3527 773 3578 ,Frauca
790 3527 807 3567 Ι.
820 3540 841 3578 p.
854 3530 886 3568 11.
899 3540 959 3580 seqq.
1065 3511 1068 3518 ’

356 3625 378 3677 4)
391 3627 521 3666 Nominibus
531 3627 589 3666 enim
603 3627 669 3676 „dou“
685 3627 783 3680 (dunum)
797 3632 819 3668 et
828 3629 855 3668 ak
867 3621 950 3680 (ahiat)
964 3630 1028 3671 sedes
1038 3641 1088 3672 suas
1097 3642 1166 3682 prope
1176 3641 1243 3681 aquas
1257 3631 1310 3670 sitas

306 3693 419 3743 designare
436 3705 474 3734 eos
488 3695 565 3734 solitos
579 3705 637 3744 esse,
651 3695 701 3735 lude
716 3696 851 3746 „Heli-don‘
863 3709 880 3734 =
890 3697 964 3736 sedem
979 3697 1043 3746 Juxta
1056 3699 1135 3738 claram
1149 3709 1226 3748 aquam
1239 3698 1311 3747 sitam,

306 3761 448 3812 significasse,
461 3772 525 3811 quam
534 3773 609 3802 vocem
617 3763 640 3802 in
652 3763 760 3811 „Keldom
771 3764 890 3813 transiisse,
903 3755 960 3803 unde
975 3751 1093 3806 „lisivae
1108 3753 1172 3816 atqua
1187 3763 1309 3814 „Kalsdom

305 3821 422 3879 rursusque
432 3841 460 3869 ex
467 3830 589 3879 posteriore
598 3830 686 3870 nomine
702 3830 826 3879 „Kaleteu
834 3830 924 3871 Galatea
932 3844 947 3868 =
954 3830 1040 3870 Gallam<
1051 3833 1197 3874 descendisse.
1209 3853 1234 3862 -
1246 3829 1313 3886 §fidu

306 3907 380 3948 mortu,
392 3896 449 3952 &lst-
462 3904 523 3949 eicio·
537 3896 596 3946 meri.
609 3894 643 3940 bb·
657 3899 676 3940 t.
690 3896 733 3940 celt-
746 3907 808 3950 ptum.
823 3896 914 3950 multati·
926 3909 948 3947 p.
961 3899 1006 3938 ni.

313 3986 316 3990 ’
356 3998 377 4050 ⁵)
391 3995 521 4053 acnuam,
531 3993 589 4054 'ota
602 4001 664 4052 ersa.
677 3997 714 4052 m,
728 3998 804 4045 octus
818 3999 874 4040 nse.
894 4011 916 4050 p.
925 3999 968 4040 nae

353 4095 374 4148 6)
389 4098 451 4148 Qonf.
463 4110 485 4148 p.
499 4098 530 4138 15.
