3014 4978
540 603 809 672 ·.-a--

174 776 270 836 calena
296 772 357 849 ‚31st
385 779 585 834 transmutata
609 781 666 833 est:
699 774 745 834 sic
771 775 844 834 aher
866 799 900 826 ==
920 783 1015 847 actu,
1041 775 1126 834 mlius
1144 799 1178 830 ==

166 881 263 948 heca,
282 878 443 956 mantellum
463 903 497 928 =
519 886 666 954 manteau,
684 877 811 952 psalmus
830 901 864 927 =
882 876 1014 953 pascuae,
1037 879 1180 937 martellus

174 1007 210 1048 ,τ-
229 967 437 1044 mortcouetc.
456 1011 494 1024 -··
523 975 740 1040 contractione
763 979 873 1040 haunt
896 981 1005 1038 trahere
1029 981 1062 1039 in
1082 983 1180 1052 sace,

88 1145 92 1148 ,
172 1082 325 1169 placarem
339 1084 436 1158 scire,
458 1081 572 1158 placere
592 1082 625 1144 in
641 1081 750 1158 ploirc,
775 1091 867 1140 tacere
886 1082 919 1141 in
934 1060 1024 1152 loire,
1043 1085 1128 1158 socca
1148 1083 1180 1142 in

147 1198 149 1202 '
172 1189 239 1264 sec,
256 1185 346 1270 jocus
363 1183 476 1258 iujai,
497 1183 580 1259 pallia
604 1184 637 1244 in
652 1203 744 1260 pecu,
766 1185 887 1260 popalus
911 1185 947 1243 in·
962 1185 1072 1260 pcaplc.
1114 1184 1180 1246 Nec

177 1289 298 1348 diversa
326 1287 363 1345 de
389 1305 481 1346 causa
509 1293 662 1346 extremae
690 1286 754 1344 fere
784 1287 918 1362 syllabae
944 1293 1032 1345 acuto
1058 1293 1182 1346 accentu

176 1391 379 1468 proferantur,
399 1389 543 1466 quoniam
562 1387 612 1448 hic
631 1388 719 1446 radix
738 1387 824 1447 verbi
843 1388 937 1446 latere
957 1389 1044 1447 solet.

254 1492 308 1552 De
323 1492 519 1568 antiquorum
538 1497 707 1567 temporum
731 1491 983 1566 pronunciatione
1003 1511 1182 1568 quamquam

178 1603 239 1654 non
269 1594 335 1654 sine
364 1612 481 1654 summa
515 1591 692 1650 difficultate
721 1592 797 1650 certi
830 1591 945 1669 aliquid
975 1593 1039 1651 erui
1073 1601 1183 1670 potest,
1293 1627 1295 1632 ·

178 1697 289 1758 Jacobi
303 1693 447 1754 Grimmii
467 1702 568 1754 tamen
581 1687 741 1772 sagacitati
761 1694 924 1770 perfectam
944 1696 1184 1773 germanicorum

179 1817 322 1865 sonorum
345 1797 549 1874 cognitionem
575 1795 726 1854 debemus.
771 1797 849 1854 Mihi
869 1794 990 1872 quidem
1015 1799 1184 1858 accuratius

179 1899 322 1960 Grimmii
350 1897 577 1976 grammaticam
606 1897 750 1961 tractanti
778 1897 1032 1975 franco-gallicas
1063 1899 1183 1958 voculas

179 2002 352 2080 analogiam
382 2001 570 2078 gothicarum
601 2007 632 2057 et
656 1998 1034 2076 antiquo-teutonicarum
1064 2009 1182 2060 secutas

180 2123 247 2164 csse
271 2102 418 2181 persuasi.
466 2103 566 2178 Atque
592 2097 889 2177 antiquo-teutonica
920 2101 1025 2180 lingua
1057 2103 1182 2187 eandem

181 2225 272 2283 quam
298 2203 538 2282 franco-galliae
565 2204 716 2263 rationem
739 2201 778 2260 ad
807 2202 946 2281 gothicas
969 2204 1084 2264 formas
1104 2203 1183 2262 tueri

180 2309 308 2368 videtur.
599 2383 600 2388 ἵ
858 2311 860 2315 ’

255 2409 380 2469 Venalis
400 2406 472 2484 „alt
492 2426 568 2484 quac
585 2407 750 2484 purissimo
765 2425 842 2468 sono
857 2415 985 2480 creatur,
1006 2401 1183 2484 saepissime

178 2513 307 2582 infracta
319 2519 366 2570 cst
376 2509 415 2585 1):
436 2510 481 2568 sic
495 2528 534 2568 ex
553 2511 616 2581 „a“
628 2517 713 2570 ortae
727 2518 810 2569 sunt:
830 2511 903 2582 „affl
915 2535 949 2561 -τ
963 2509 1035 2582 „‹i“,
1048 2512 1106 2582 »θ’
1126 2518 1181 2568 etc.

179 2623 213 2674 ut
231 2633 331 2676 amare
346 2639 381 2664 =
394 2615 494 2682 almar,
509 2611 645 2687 phznpcrs
664 2637 698 2662 =
707 2613 853 2688 plaiadrc,
873 2590 1047 2672 laudare:
1060 2612 1136 2670 haer
1146 2611 1181 2687 ²).

180 2748 217 2760 -
237 2715 355 2790 Quodsi
375 2713 584 2791 Franco-galli
608 2714 744 2772 vocalem
767 2714 819 2790 „i“
845 2715 980 2792 syllabas
1000 2713 1082 2789 „oid‘
1105 2731 1184 2776 nunc

179 2818 383 2894 supprimunt,
412 2816 509 2875 radici
533 2813 694 2887 uerborum
719 2817 969 2893 appropinquant.
1015 2817 1183 2894 Menagius‚

180 2928 279 2980 unum
303 2919 401 2995 „apest
424 2939 464 2977 an
484 2915 592 2994 „otpo“
616 2916 810 2974 scribendum
830 2918 883 2990 sit,
908 2917 1043 2976 certavit.
1083 2920 1183 2995 Atque

180 3023 280 3082 Marot
291 3022 462 3099 promiscue
476 3019 600 3097 scripsit
614 3025 645 3077 et
663 3015 724 3092 „c“
744 3026 775 3077 et
787 3018 868 3094 „ui“‚
888 3039 965 3096 quae
978 3019 1188 3097 diphthongus*

180 3143 259 3183 nunc
271 3141 379 3184 sonum
397 3121 458 3198 „6⁴⁴
477 3122 542 3182 sive
560 3119 616 3196 »ὤ
636 3128 764 3197 excepta
776 3121 895 3198 syllaba
907 3121 988 3197 „aad
1008 3130 1125 3199 aequat.
1145 3153 1183 3195 -.-7

257 3225 441 3286 Germanica
466 3206 561 3300 'porro
587 3243 626 3282 ex
655 3223 761 3301 lingua
782 3225 977 3301 repetendum
1003 3225 1073 3297 est‚'
1093 3224 1120 3284 si
1145 3244 1183 3284 ex

180 3329 279 3387 vocali
300 3326 360 3403 „c“
381 3326 541 3384 accedente
566 3323 620 3400 ,ὦ
643 3325 678 3384 fit
697 3324 807 3401 ᾖθ“3);
833 3326 905 3402 ,μήιι
926 3329 990 3403 jam
1010 3327 1132 3405 gothica
1151 3328 1184 3386 in

180 3430 284 3508 lingua
297 3447 404 3490 sonum
423 3427 477 3504 „a“
494 3428 599 3487 habet:
623 3427 765 3505 Ulphilas
779 3429 860 3487 enim
873 3429 1061 3506 diphthongo
1071 3465 1073 3471 ,
1082 3427 1184 3504 „oi“⁴)

180 3532 274 3592 utitur
285 3531 354 3590 loco
368 3530 483 3590 vocalis
502 3529 558 3605 „c“
577 3531 733 3590 nominum
745 3532 951 3607 propriorum
971 3531 1080 3608 quade
1094 3549 1185 3590 causa

181 3633 257 3692 saihs
280 3641 310 3692 et
333 3634 433 3692 lothan
461 3633 494 3692 in
521 3631 821 3708 antiquo-teutonica
845 3633 950 3710 lingna
972 3633 1183 3692 nauseantis

181 3736 241 3798 aits
265 3743 295 3800 ct
318 3735 408 3796 attan
447 3733 500 3794 ‘Ut
525 3733 775 3811 franco-gallica
803 3734 1007 3813 diphthongus
1037 3733 1108 3808 „oi“
1135 3753 1183 3794 so-

230 3965 251 4018 1)
263 3965 309 4006 lac
323 3963 414 4014 comm,
426 3964 530 4005 dennaba
544 3961 685 4014 Grammattk,
698 3964 715 4005 1.
728 3976 749 4015 p.
761 3963 800 4008 4⁷..

230 4027 255 4086 at·
264 4034 318 4074 nia
331 4034 348 4072 r.
360 4045 382 4082 p.
395 4033 427 4073 cr.

230 4101 252 4152 a)
264 4102 318 4148 ictu
330 4102 347 4142 1.
360 4112 382 4152 p.
395 4100 428 4141 uc.
448 4101 452 4108 ·
514 4119 520 4128 ·

230 4169 251 4225 4)
265 4170 319 4214 ibid.
332 4171 349 4210 L
361 4180 384 4225 p.
396 4168 429 4212 ct.

1317 3747 1336 3786 ἢ
