3014 4978
201 1670 264 1742 Ile
289 1671 496 1788 elementis,
531 1677 751 1770 germanicis
772 1631 1024 1773 potissimum,
1060 1683 1208 1780 linguae

543 1811 885 1909 franco-gallicae„
952 1795 955 1802 ¹

200 2108 281 2240 De
293 2180 450 2240 elementis
462 2181 585 2260 linguae
598 2183 846 2260 franco-gallicae
864 2187 1031 2262 scripturus
1045 2207 1089 2248 ex.
1098 2189 1207 2248 latiore

202 2293 233 2342 et
252 2283 424 2360 copiosiore
445 2287 697 2344 commentatione
721 2287 779 2361 „de
797 2287 916 2365 origiue
934 2297 1024 2365 atque
1042 2270 1207 2368 progressu

200 2385 323 2463 linguae
347 2385 636 2464 franco-gallicaa“
663 2405 699 2446 ea
722 2388 915 2464 praemittere
938 2389 1036 2463 volui,
1066 2411 1143 2468 quae
1167 2395 1206 2450 ad

200 2487 393 2563 quaestione·
414 2488 452 2545 d'e
472 2489 628 2549 elementis
653 2489 737 2549 illius
756 2489 879 2566 linguae
899 2491 1083 2551 dirimendas
1103 2501 1206 2555 neces-¹

200 2588 290 2646 saria'
301 2605 368 2647 ease
388 2590 463 2648 mihi
482 2591 665 2650 viderentur.

276 2692 376 2767 Atque
400 2692 530 2768 primum
555 2702 697 2767 nonest,
721 2711 774 2752 our
798 2693 936 2753 ridiculis
960 2694 1204 2756 hallucinationi-

199 2791 256 2851 bus
281 2811 385 2851 eorum
409 2793 616 2867 immoremur,
640 2795 693 2871 qui
717 2796 984 2872 franco-gallicam
1008 2798 1142 2875 linguam
1166 2819 1204 2859 ex

199 2893 330 2966 vascioa,
349 2894 399 2953 vel
418 2895 571 2969 hebraica,
591 2895 640 2955 vel
653 2895 782 2972 denique
796 2895 919 2954 arabica
937 2897 1042 2973 lingua
1056 2899 1204 2957 deducere

198 2997 300 3053 conati
321 3003 400 3054 suut.

274 3095 419 3156 Pluribus
439 3097 624 3177 argumentis
638 3097 743 3174 opinio
760 3082 865 3174 'graeci
884 3096 978 3155 fontis
998 3096 1055 3153 niti
1069 3096 1201 3155 videtum

197 3213 336 3275 namque,
356 3207 387 3256 st
399 3200 549 3273 Massilia,
569 3197 729 3258 Gallorum
743 3198 882 3256 Athenae
902 3197 1079 3273 saepissime
1099 3199 1201 3274 appel-

196 3299 269 3372 lata,
290 3301 439 3378 agraecio
453 3301 571 3360 colonia
591 3299 714 3359 condita
733 3307 789 3371 est,
809 3307 839 3356 et
858 3298 992 3356 inbellis
1006 3299 1101 3358 sacris
1116 3299 1201 3361 Galli

198 3399 385 3460 Graecorum
415 3403 632 3461 consuetudine
662 3401 863 3478 perlongum
893 3401 1038 3476 temporis
1068 3401 1199 3478 epatium

196 3501 366 3560 utebantur.
414 3505 557 3562 Attamen
587 3503 682 3560 multa
710 3509 794 3572 sunt,
825 3519 901 3575 quae
931 3501 1002 3558 huic
1031 3503 1202 3560 sententiae*

196 3601 396 3662 obluctentur.
439 3603 519 3662 Nam
545 3621 635 3681 quum
659 3600 899 3676 franco-gallica
922 3599 1071 3658 hodierna
1094 3601 1199 3678 lingua

196 3719 235 3760 ex
260 3705 489 3782 septentrionali
510 3703 631 3764 Galliae
653 3703 755 3777 parta,
779 3719 818 3758 ex
841 3700 961 3777 lingua,
986 3701 1062 3777 qua'e
1086 3702 1198 3760 dicitur

196 3805 319 3879 „d’oil“‚
335 3806 493 3884 'originem
513 3803 647 3874 duxerit,
677 3801 886 3860 meridionalis
910 3802 984 3860 haec
1008 3802 1130 3860 colonia
1158 3804 1197 3861 ad

194 3905 278 3968 illam
307 3907 442 3984 linguam
470 3904 658 3964 formandam
687 3911 831 3980 magnam
852 3903 913 3962 vim
937 3921 1105 3980 propagare
1134 3923 1201 3962 non

193 4007 306 4082 potuit,
328 4007 385 4065 etsi
405 4025 501 4082 pauca
519 4006 613 4064 verba
632 4023 671 4062 ex
691 4023 800 4080 graeco
820 4004 904 4062 fonte
924 4005 1019 4063 inlata
1038 4023 1105 4063 esse
1125 4023 1196 4062 con-

193 4107 357 4166 cedendum
376 4115 433 4166 est.
474 4105 563 4179 Quod
583 4125 655 4165 vero
675 4105 715 4164 ad
734 4121 913 4166 concursum
928 4104 1087 4166 Gallorum
1100 4105 1195 4165 Grae-

1028 4211 1060 4266 1..
