3014 4978
561 565 827 640 '‘¹¹¹¹in

238 755 268 812 p.
288 736 369 803 1oa-
398 734 540 820 Stabat
557 734 650 808 jobed
674 737 714 796 tec
735 736 840 800 :totels
857 738 924 812 som
951 739 987 796 do
1011 737 1112 814 lanes
1130 757 1196 800 :eor

187 873 189 878 -
215 869 217 873 ·
287 839 387 910 boacca,
404 837 453 903 ro
470 837 576 902 :ardet

199 965 200 968 ¹
234 993 236 998 .
269 936 392 1022 Sedent
404 937 622 1014 exemplorum:
634 937 663 997 si
676 935 820 1014 quisrcm
833 939 1002 1002 accuratius
1011 957 1195 1018 cognoscere
1239 1002 1241 1006 .

192 1041 332 1112 voluerit,
352 1041 382 1103 is
398 1040 483 1118 leges
502 1040 585 1118 ipsas
604 1038 733 1102 evolvat.
761 1038 846 1101 Haec
865 1039 958 1116 igitur
978 1050 1048 1102 sunt
1065 1044 1193 1119 primor-

192 1141 245 1210 dia
270 1141 394 1219 linguae
421 1139 691 1218 bauco-gallicas,
718 1139 768 1206 hio
797 1148 846 1206 est
871 1159 985 1212 sermo,
1014 1159 1074 1218 qno
1099 1145 1194 1222 Angli

192 1241 284 1304 aulici
303 1243 474 1314 utebantur,
493 1242 546 1320 qui
565 1241 679 1310 scholis
699 1242 881 1304 tradebatur.
897 1239 1007 1304 Nemo
1027 1243 1117 1320 huius
1135 1245 1192 1310 lio·

192 1363 269 1422 grac
285 1343 413 1420 'ignarus
432 1341 556 1424 publico
575 1361 701 1412 manere
717 1343 803 1422 fungi
821 1351 950 1418 poterat.

269 1441 359 1518 Quod
382 1445 423 1505 ad
447 1444 539 1507 verba
561 1445 629 1521 ips:
651 1443 773 1516 attinet,
795 1443 944 1520 ,graviora
964 1463 1003 1504 ox
1021 1449 1193 1522 germanica

191 1545 295 1606 radico
312 1545 474 1615 fluxerunt,
497 1552 531 1604 ut
553 1545 709 1620 „iamlam
732 1563 828 1620 wopa,
845 1545 938 1620 pleps,
958 1565 1043 1618 were,
1063 1548 1192 1624 Barpiat,

190 1647 315 1719 maoz,
348 1646 475 1730 Mures,
508 1645 636 1718 aanor,
666 1644 808 1722 potibat,
822 1709 824 1714 ,
838 1657 978 1722 quoram,
1007 1648 1192 1722 Habebat,

190 1750 315 1820 murdre,
338 1748 477 1832 herdred,
499 1765 589 1817 marc,
601 1747 802 1822 franc-pape,
820 1745 934 1806 beaw
1030 1813 1032 1818 ,

265 1852 366 1926 Atque
384 1865 446 1908 non
464 1847 555 1910 modo
574 1847 613 1908 iu«
626 1847 728 1910 verbis
747 1847 835 1924 ipsis,
854 1849 908 1908 sed
927 1849 1018 1916 etiam
1036 1852 1191 1913 informa·

189 1951 273 2013 tione
291 1949 451 2012 verborum
471 1955 502 2010 et
518 1947 743 2019 constructione
758 1947 932 2024 germanica
947 1957 1056 2011 natura
1070 1951 1191 2013 emicat:

189 2051 411 2136 firmiores,
432 2049 658 2134 franc-pleps&
690 2049 809 2122 „occist
835 2055 1021 2124 potestatem
1044 2050 1191 2112 teutonici

188 2149 322 2230 „orreo
343 2149 521 2228 pienissime
546 2148 651 2220 refert:
689 2157 779 2226 atque
808 2149 846 2208 do
878 2149 992 2225 pecude
1015 2159 1190 2227 usurpatum

187 2253 349 2331 reperitur:
368 2253 410 2325 ,lo
429 2251 553 2312 omium:
571 2253 652 2320 occi:
670 2250 742 2326 qu'tl
759 2268 848 2310 acero
866 2269 886 2333 a
905 2251 999 2310 edicat
1017 2252 1085 2312 cto.“
1109 2251 1189 2313 Ten·

187 2355 290 2414 tonica
307 2337 456 2430 particula
474 2352 539 2424 ,oot
557 2375 591 2402 =
609 2353 668 2424 ,ad
686 2351 839 2428 posterius
858 2352 1079 2414 enuntiationis
1098 2371 1189 2420 mem-

189 2457 275 2514 brum
293 2454 391 2532 priori
410 2453 586 2524 adnectens,
611 2452 736 2529 ubique,
760 2452 851 2510 etiam
874 2453 901 2511 si
919 2451 1068 2528 particula
1087 2454 1189 2512 condi-

188 2555 313 2616 tionolis
326 2555 384 2628 ,od‘
397 2553 559 2631 praecedit,
573 2552 745 2611 adhibetur:
763 2553 811 2625 „ot
824 2553 892 2611 altri
904 2571 1016 2628 :spectro
1023 2557 1147 2629 propia,
1160 2558 1190 2611 ai
1283 2571 1285 2576 ·

179 2660 292 2734 sorsat:
304 2657 334 2714 lo
346 2655 434 2714 werd
439 2673 452 2721 ,·
470 2656 537 2728 „qut
553 2654 576 2711 il
592 2654 633 2712 l’o
641 2655 712 2728 fait,
726 2655 778 2712 cto
790 2655 927 2712 ceodrum
939 2655 963 2712 le
976 2656 1090 2714 murdre
1104 2656 1171 2714 cto.“
1176 2675 1189 2723 3
1241 2645 1243 2648 ¹

187 2763 275 2818 duco
299 2753 490 2836 germanicae
513 2754 681 2829 particulae
704 2755 817 2827 ,doca“
836 2755 1010 2832 respondet:
1035 2775 1067 2827 ,c
1089 2755 1137 2819 a’il
1154 2772 1189 2814 oe

188 2861 260 2930 dod,
278 2861 368 2917 duae
384 2857 525 2914 commod
541 2873 611 2914 soon
629 2853 828 2915 Heucclbort“.

263 2957 422 3018 Vocalium
450 2956 649 3016 conformatio
677 2965 739 3016 tam
768 2963 870 3033 aperte
902 2957 1055 3016 teutonico
1083 2956 1188 3022 funda·
1227 2967 1230 2974 ’

186 3069 288 3120 mento
309 3059 433 3132 insistit,
453 3067 567 3120 utnon
586 3058 636 3129 sit,
656 3076 709 3118 cur
727 3057 849 3135 longius
869 3057 1079 3116 demonstrem.

262 3161 300 3219 In
319 3161 492 3220 universum
512 3157 745 3218 constructionis
768 3159 852 3238 leges
876 3159 916 3216 ad
937 3157 1100 3234 perfectam
1119 3176 1188 3214 nor-

186 3283 266 3322 mam
281 3265 346 3338 jam
365 3260 502 3320 excultae
521 3260 616 3320 fuisse
635 3259 839 3318 aestimandae
862 3267 945 3330 sunt3
969 3258 1072 3317 videas
1096 3259 1187 3316 modo

185 3365 264 3422 hane
293 3361 548 3432 enunciationem,
581 3379 658 3438 quae
685 3380 723 3419 ne
751 3379 831 3421 nunc
859 3361 978 3437 quidem
1010 3359 1188 3418 melioribus

186 3463 320 3530 numeris
338 3462 464 3520 formari
486 3467 600 3538 potest:
624 3447 697 3533 „Cea
719 3471 799 3520 cocat
822 3462 860 3519 lec
879 3445 951 3520 Loic
975 3471 1001 3519 et
1024 3461 1062 3519 lec
1085 3461 1185 3519 Coctu-

185 3581 256 3633 mra,
285 3581 338 3637 quo
361 3563 383 3620 o·
401 3563 470 3620 Rois
496 3561 622 3618 it'itlc'am
642 3571 780 3635 procurat
804 3581 824 3618 a
847 3571 888 3620 tut
912 3562 936 3618 to
955 3561 1044 3636 poplo
1063 3561 1098 3618 de
1122 3559 1186 3618 En-

183 3666 300 3740 ptotorre
319 3681 404 3738 oprea
423 3663 448 3720 le
470 3661 605 3737 corpor
625 3662 660 3717 dc
679 3661 709 3717 la
729 3660 832 3718 terrc“.
870 3659 936 3720 Nec
960 3660 1069 3720 desunt
1092 3659 1185 3718 artifi-

186 3764 279 3824 cioris
293 3763 527 3822 constructionis
540 3760 695 3837 ambages:
714 3764 761 3832 ,oi
779 3780 817 3818 ne
835 3762 941 3818 rendra
958 3779 1018 3836 que
1034 3761 1064 3818 la
1081 3761 1186 3818 meito“.

262 3861 323 3924 Sed
342 3881 418 3922 usus
430 3863 617 3940 singulorum
630 3878 762 3932 casuum,
783 3861 909 3938 genitivi
921 3861 1092 3937 praecipue,
1111 3879 1186 3918 non-

185 3966 255 4023 dum
280 3965 355 4024 satis
380 3971 479 4022 certus
504 3971 534 4020 et
556 3962 716 4021 distinctus
740 3961 807 4032 fuit,
831 3961 946 4036 quain
969 3980 1003 4019 re
1022 3961 1187 4018 notandum

185 4073 241 4138 est,
262 4064 478 4126 obscuritatem
497 4063 671 4125 consociate
689 4059 888 4139 ,subjectivat
906 4068 937 4120 et
954 4059 1135 4138 ,objectiva“
1155 4060 1200 4118 vi'
