3014 4978
704 623 969 692 ...20-

467 893 504 950 lto
522 890 696 964 ganumed-
706 891 851 950 elementis
868 891 899 949 in
916 889 1031 948 daldun
1048 885 1215 952 transuta:

345 1007 346 1011 ’
414 999 511 1057 Multa
534 999 662 1076 denique
688 999 860 1076 germanica
878 996 1026 1056 vocabula
1046 997 1202 1075 inlingua
1225 997 1343 1054 ¹franeo-

336 1101 447 1180 galliea
465 1101 669 1179 reperiuntur,
695 1120 771 1178 quae
795 1119 834 1158 ex
853 1101 921 1176 ipsa
941 1097 1106 1172 Germania
1125 1100 1243 1158 duobus
1268 1108 1342 1175 tem-

335 1205 461 1280 poribus
492 1205 686 1280 irrepserunt.
736 1182 959 1280 Antiquissima
986 1180 1067 1263 enim
1097 1203 1251 1259 teutonica
1281 1219 1343 1258 una

335 1323 403 1362 cum
424 1305 604 1381 germanicis
625 1305 765 1382 gentibus
786 1323 822 1360 eo
843 1312 992 1380 tempore,
1017 1321 1076 1380 quo
1100 1302 1205 1381 lingna
1222 1303 1342 1360 'franco-

336 1407 447 1484 gallica
471 1406 638 1480 ebullabat‚
667 1406 924 1482 immigreverunt
969 1404 1055 1478 Quae
1080 1405 1182 1462 omnia
1210 1403 1273 1461 fere
1304 1423 1343 1462 ex

336 1508 459 1585 gothica
482 1516 512 1565 et
534 1508 826 1585 antiquo-teutonica
845 1507 949 1584 lingua
968 1496 1106 1583 profecta
1125 1513 1204 1564 sunt.-
1221 1537 1260 1547 —
1279 1505 1342 1563 Po'·

337 1618 402 1668 stea
425 1629 498 1668 vero
522 1608 692 1668 Normanni
716 1629 796 1668 nova
820 1609 969 1667 elementa
992 1627 1031 1666 ex
1055 1605 1342 1684 septentrionalibus

337 1709 519 1770 Germaniae
550 1699 687 1770 dialectis
715 1711 854 1788 profecta
885 1711 1064 1782 intulerunt;
1098 1697 1226 1782 accedit,
1261 1709 1342 1785 quod

314 1813 496 1890 ‘pleraeque
526 1813 644 1871 radices
674 1813 789 1890 amplas
820 1813 1023 1871 derivatorum
1049 1821 1079 1872 et
1106 1812 1342 1889 compositorum

334 1914 496 1974 verborum
515 1915 647 1976 familias
666 1923 914 1990 procreaverunt3
938 1915 971 1982 in
991 1914 1142 1991 glossario
1163 1922 1262 1972 autem
1282 1912 1343 1990 pri-

334 2017 441 2076 mitiva
459 2017 582 2076 laudare
603 2017 678 2076 satis
698 2015 867 2076 habuimus.

412 2118 649 2177 Teutonioorum
660 2118 820 2176 verborum
835 2119 974 2196 egregius
988 2120 1076 2197 vigor
1089 2119 1216 2178 multum
1229 2118 1342 2178 discre-

334 2231 387 2297 pat
403 2221 445 2291 ad)
465 2220 576 2278 inertia
593 2219 753 2278 verborum
774 2221 941 2278 alienorum
960 2223 1135 2282 novissimis
1155 2221 1342 2300 temporibus

335 2332 538 2400 acceptorum3
557 2322 636 2380 unde
649 2323 749 2399 quivis
768 2321 937 2399 intelligere
951 2333 1052 2401 potest
1065 2325 1237 2401 germanica
1249 2323 1343 2384 verba

331 2427 394 2498 jam
415 2433 504 2484 antea
528 2425 559 2481 iu
580 2424 685 2501 lingua
704 2424 942 2500 franco-gallica
960 2426 1056 2486 fuisse
1076 2412 1241 2502 formisque
1255 2441 1341 2484 suam

234 2554 238 2562 ·
333 2535 436 2584 notam
456 2527 648 2602 impressisse
660 2525 694 2600 ¹).
742 2525 827 2587 Haec
852 2527 932 2584 enim
957 2547 1018 2586 non
1043 2529 1134 2586 modo
1153 2541 1224 2584 raro
1245 2543 1341 2588 novas

334 2627 544 2703 derivatasque
565 2623 677 2686 formas
698 2628 852 2700 emittunt,
877 2629 930 2686 sed
951 2631 1041 2688 etiam
1065 2629 1209 2706 pleraque
1229 2647 1268 2686 ex
1287 2628 1340 2684 ho-

333 2738 421 2787 nesto
451 2746 559 2802 seusu,
576 2729 607 2785 in
643 2728 808 2805 ignobilem
841 2738 871 2789 et
903 2731 1056 2790 sordidam
1090 2730 1341 2808 significationem

334 2831 453 2888 detorta
481 2837 559 2888 sunt.
584 2861 621 2872 -
648 2827 845 2907 Quamquam
865 2832 943 2891 hane
972 2833 1114 2908 injuriam
1144 2849 1248 2890 omnes
1277 2831 1340 2888 fere

332 2930 454 3008 linguae
475 2931 583 2989 alienis
604 2931 705 2990 verbis
724 2931 867 3005 inferunt,
888 2934 932 2992 sic
952 2921 1118 2993 teutonica:
1140 2932 1227 3011 Spera
1248 2930 1340 3010 lippe,

313 3031 421 3107 laub,
442 3031 553 3106 lllunbf
574 3031 639 3109 {llofi
662 3034 739 3092 hanc
762 3033 795 3090 i'n
815 3035 997 3092 deteriorem
1017 3036 1269 3113 significationem
1289 3035 1340 3092 de-

332 3135 412 3193 flexa
436 3144 518 3194 sunt:
547 3155 587 3192 uo
608 3153 719 3209 pauore
742 3136 819 3206 latre,
838 3139 920 3210 faire
945 3138 974 3196 la
998 3139 1088 3214 lippe,
1114 3139 1198 3208 hade
1222 3141 1339 3212 matqrc,

327 3239 409 3310 faire
429 3237 458 3294 lu
478 3254 567 3308 moue,
586 3256 639 3293 uae
658 3236 746 3294 vieille
765 3255 848 3295 rosae.
921 3215 924 3222 ι

307 3402 309 3408 ,
411 3335 445 3396 Si
466 3339 533 3414 quis
553 3338 725 3416 germanica
743 3339 1149 3417 vocabulaperlustraverit,
1168 3361 1229 3400 non
1249 3342 1340 3400 modo

333 3439 571 3530 suppellectilem
586 3439 684 3498 omnis
698 3429 827 3516 generis,
847 3443 1004 3505 sedetiam
1018 3443 1189 3520 voluptates
1204 3445 1339 3503 dolores-

333 3562 404 3619 que,
439 3559 542 3600 omnes
572 3541 702 3618 denique
731 3544 925 3618 quotidianae
954 3545 1034 3604 vitae
1067 3547 1257 3606 conditiones
1287 3565 1338 3603 ex-

331 3623 597 3718 pressasvidebit.
640 3645 671 3702 A
694 3641 798 3704 latinis
823 3645 966 3704 differunt
981 3647 1130 3724 ¹populari
1154 3645 1284 3726 quadam
1309 3656 1340 3705 et

330 3745 404 3802 forti
424 3745 539 3802 naturis.
573 3744 644 3817 dam
664 3763 703 3808 ex
720 3745 771 3804 his
784 3747 895 3820 verbis·
906 3748 1108 3826 germanicam
1128 3750 1262 3829 linguam
1276 3769 1339 3808 non

329 3865 453 3922 parvum
473 3847 534 3904 vim
560 3847 599 3903 ad
623 3846 875 3924 franco-gallicas
900 3851 1014 3909 formas
1039 3852 1230 3912 excudendas
1254 3871 1339 3912 exer-

272 4007 275 4013 ,
330 3947 429 4006 cuisse
450 3946 555 4024 colligi
574 3954 685 4025 potest.

379 4175 399 4228 1)
412 4174 474 4226 utto,
487 4175 528 4222 OEr·
541 4176 561 4222 t·
574 4176 639 4222 asu.
653 4175 715 4228 zor..
728 4175 756 4218 11.
769 4188 791 4230 p.
803 4176 849 4220 ἥθ’.
