3014 4978
658 543 928 612 ‚mg-...-

543 823 583 910 1.
633 761 1085 928 etymologia

653 1005 690 1064 be
707 1002 942 1080 pronuntiatione.

369 1131 491 1190 Primus
516 1139 677 1213 tractatum
700 1131 737 1188 de
753 1129 950 1203 ,franciscae
974 1127 1096 1206 linguae
1120 1127 1300 1204 pronuncia-

294 1232 397 1292 tioue“
408 1232 434 1307 ¹)
455 1233 550 1292 edidit
563 1233 707 1292 Theodor
720 1232 812 1302 Beza,
832 1239 921 1307 atque
935 1231 1048 1306 optime
1067 1238 1174 1289 acutus
1188 1214 1240 1288 ille
1254 1229 1302 1288 vir

289 1339 353 1410 jam
366 1335 522 1410 perspexit
534 1334 763 1413 franco-gallico
782 1333 813 1390 iu
829 1350 968 1390 sermone
983 1333 1108 1410 singula
1116 1332 1301 1390 enunciatio-

294 1439 343 1498 uis
357 1437 505 1496 vocabula
522 1437 566 1496 ita
579 1437 759 1508 coalescere,
779 1443 813 1493 ut
829 1455 889 1493 uno
905 1443 1010 1493 tenore
1024 1435 1196 1492 deferantur
1215 1433 1258 1509 (p,
1273 1435 1301 1491 9.

207 1551 210 1557 '
295 1549 326 1598 et
340 1540 408 1614 lu).
422 1573 460 1582 -
479 1540 664 1598 Acoentibus
677 1557 770 1596 unum
783 1538 949 1597 membrum
962 1557 1035 1614 prae
1049 1538 1159 1595 ceteris
1172 1557 1192 1594 a
1201 1534 1302 1595 Gallis

250 1659 252 1664 ’
295 1662 357 1700 non
376 1643 472 1717 premi
493 1642 535 1718 (p.
551 1640 626 1716 26.);
647 1641 767 1700 vocales
787 1639 848 1715 ,o“
863 1648 893 1698 et
906 1639 961 1714 ,e“
981 1639 1055 1698 elidi
1075 1638 1118 1715 (p.
1134 1637 1196 1712 82.)
1216 1657 1301 1715 aper·

296 1745 413 1804 tissime
434 1743 577 1802 enotavit.
607 1745 706 1820 Atque
720 1743 773 1802 vix
787 1742 956 1820 graviorem
970 1741 1191 1818 pronunciandi
1204 1740 1301 1818 legem

297 1846 479 1924 investigare
499 1846 627 1921 poteris,
653 1845 725 1922 quin
745 1845 777 1902 iu
797 1844 896 1920 Bezae
916 1851 1046 1901 tractatu
1065 1851 1232 1901 memoratu
1249 1843 1300 1901 sit.

374 1945 502 2023 Saepius
523 1947 562 2004 ad
581 1947 751 2022 priscorum
765 1944 924 2004 Gallorum
938 1946 1219 2022 pronunciationem
1232 1964 1301 2021 prc-

296 2057 385 2108 voeat
410 2049 452 2126 (p.
473 2047 549 2123 26.),
575 2056 605 2106 et
628 2047 765 2125 profecto
790 2055 929 2106 naturam
952 2046 1214 2123 pronunciationis
1234 2061 1316 2104 cum·

265 2166 267 2170 ’
296 2152 418 2229 linguae
432 2151 555 2228 iugenio
570 2149 739 2210 arctissime
753 2151 915 2208 cohaerere
929 2149 1059 2225 peritum
1073 2149 1177 2226 fugere
1190 2134 1302 2226 nequit.

373 2253 461 2311 Inde.
474 2252 647 2311 necessario
672 2253 875 2328 quaerendum
901 2257 961 2320 est,
973 2312 976 2317 ,
986 2251 1077 2308 unde.
1090 2250 1301 2328 pronunciatio

297 2363 365 2414 orta
389 2357 438 2414 sit.
482 2356 583 2430 Atque
607 2355 664 2412 hac
684 2353 805 2430 quidem
830 2352 861 2409 iu
887 2352 1065 2428 quaestione
1090 2351 1121 2410 iu
1146 2371 1213 2409 eam
1238 2371 1302 2410 rem

295 2457 473 2528 incidimus,
506 2457 539 2514 in
569 2475 629 2532 qua
658 2473 775 2514 omnes.
792 2454 855 2512 fere
884 2454 1084 2514 consentiunt.
1130 2452 1210 2512 Nam
1232 2473 1302 2512 non

296 2559 386 2616 modo
413 2557 616 2635 Schlegellus,
641 2556 848 2628 Sismoudius‚
878 2556 932 2614 sed
956 2556 1046 2613 etiam
1070 2554 1302 2632 Raynouardus,

296 2658 409 2729 Fallet,
430 2657 568 2731 Diczius,
589 2659 641 2717 Fr.
655 2659 761 2717 Weius
772 2641 802 2733 ἲ)
818 2658 990 2736 germanico
1012 2677 1050 2715 ex
1069 2657 1152 2715 fonte
1169 2676 1301 2734 pronun·

297 2761 459 2818 ciatiouem
479 2761 739 2839 franco-gallicam
759 2760 954 2818 derivandam
968 2778 1035 2818 esse
1055 2777 1115 2818 uno
1130 2777 1181 2816 ore
1203 2759 1302 2817 decla-

296 2869 447 2920 raverunt.
494 2861 580 2920 Unus
607 2861 781 2940 Geninuss)
801 2863 872 2920 inde
897 2863 935 2920 ab
960 2861 1138 2938 aequalibus
1157 2861 1252 2948 Epnii
1272 2863 1303 2918 et'

297 2963 399 3020 Plauti
424 2963 693 3042 franco-gallicam
718 2958 1001 3041 pronunciationem
1020 2961 1302 3042 repetendam‘esse

298 3064 466 3124 alucinatus
491 3073 551 3138 est,
576 3067 630 3125 sed
654 3086 745 3144 quum
765 3086 802 3126 ea
822 3065 926 3142 opinio
951 3074 1014 3124 tum
1039 3067 1212 3125 uuiversum
1237 3069 1302 3141 ejus

299 3183 375 3240 opus
395 3165 546 3241 ineptiora
566 3177 646 3246 sunt,
666 3187 756 3245 quam
776 3187 853 3244 quae
872 3167 1082 3243 respiciantur.

375 3265 646 3346 Franco-gallicae
679 3269 941 3352 pronunciationis
972 3268 1098 3344 propria
1130 3275 1238 3326 natura
1270 3269 1303 3327 in

299 3369 489 3426 accuratione
500 3372 650 3429 vocalium
665 3372 805 3429 cernitur.
836 3368 1027 3448 Diphthongi
1042 3371 1122 3428 euim
1136 3389 1197 3428 non
1212 3371 1302 3429 modo

299 3469 446 3542 excultae,
467 3472 625 3530 sedetiam
644 3471 904 3548 frequentissimae
919 3480 999 3544 sunt,
1019 3488 1095 3549 quae
1115 3491 1165 3531 res
1179 3473 1302 3550 explu-

299 3571 384 3630 ribus
405 3572 530 3647 syllabis
551 3574 583 3630 in
603 3591 692 3630 unam
706 3572 869 3631 contractis
883 3573 1063 3649 explicanda
1078 3583 1136 3634 est:
1157 3576 1202 3636 sic
1222 3575 1301 3650 „aff

299 3674 356 3732 hac
377 3674 413 3732 de
434 3693 526 3732 causa
544 3673 721 3749 saepissime
734 3674 822 3747 redit,
843 3675 915 3751 quia
935 3657 1106 3736 consonans
1126 3677 1177 3752 ,l“
1197 3678 1229 3735 in
1249 3697 1301 3736 vo·

351 3885 371 3938 1)
385 3879 419 3926 De
432 3887 559 3926 Franciscss
572 3885 658 3934 linguas
672 3889 731 3926 recta
743 3888 923 3940 pronunciatione
935 3893 1051 3939 tractatus,
1066 3891 1181 3934 Theodoro
1194 3892 1252 3932 Besa
1265 3901 1302 3932 su·

300 3959 359 4014 ctare
374 3955 472 4009 Genesae
486 3953 542 3994 1584.

351 4030 372 4081 2)
385 4033 409 4072 F.
422 4033 483 4082 Wey,
492 4027 592 4070 ‘Histoire
606 4031 644 4070 des
658 4028 723 4070 τόνοι
736 4032 765 4070 du
778 4033 867 4084 langags
881 4043 907 4073 eu
920 4033 1010 4096 Franco.
1030 4035 1091 4076 Paris
1105 4037 1161 4076 1848.
1251 4039 1254 4044 '

352 4108 373 4159 Β)
387 4107 465 4157 (atain,
477 4108 516 4147 des
529 4107 648 4148 variatione
661 4109 691 4148 du
703 4108 792 4159 tangsgs
806 4109 831 4151 fr.
850 4110 912 4151 Paris
926 4110 982 4154 1845.
