3014 4978
538 612 613 648 .-—
656 571 697 647 tt
740 609 810 627 -a
896 625 899 631 -

281 753 348 810 rou.
474 749 628 843 unu-mu
675 751 802 798 tut-tut
877 749 975 808 narni.

253 1566 361 1625 Letior
381 1575 428 1626 est
451 1567 686 1658 compositarum
710 1568 941 1627 consonantium
960 1564 1059 1623 ruina:
1090 1583 1181 1642 quum

176 1669 383 1745 expluribus
415 1669 578 1728 teutonicis
607 1669 843 1728 consonantibus
874 1687 911 1726 ea
942 1675 1072 1739 tuntum,
1105 1685 1182 1744 quae
1265 1703 1267 1708 ,

177 1772 342 1830 acutiorem
369 1787 476 1829 sonum
501 1770 626 1843 efficiat,
650 1779 859 1843 conservetur,
886 1771 931 1828 sic
955 1787 994 1826 ex
1013 1785 1181 1826 consonan-

169 1865 260 1930 tibus
287 1872 348 1946 „bj,
366 1873 416 1954 pj,
440 1871 492 1945 dj“
516 1889 595 1930 unus
620 1889 713 1930 sonus
738 1872 764 1946 (j
791 1873 856 1930 sive
881 1870 917 1948 g)
943 1877 1096 1945 superstes
1120 1877 1179 1926 est:

177 1973 276 2046 laubja
293 1997 327 2023 =
342 1973 427 2032 lauba
446 1997 481 2024 =
500 1973 571 2048 iope,
588 1974 762 2049 po-vadjou
780 1997 815 2023 =
834 1989 970 2047 myope&
990 1989 1028 2028 ex
1048 1970 1131 2044 „nd“
1150 1977 1181 2028 et

177 2074 274 2149 „adr“
293 2065 354 2132 una
367 2092 538 2134 consonans
558 2074 631 2149 ,μή
652 2075 762 2156 brondr
780 2099 814 2123 =
831 2074 912 2130 brou.
947 2069 1080 2147 Syllabis
1101 2071 1181 2146 „cclll

178 2185 209 2234 et
228 2175 311 2252 „str“
333 2177 509 2254 praefigitur
528 2175 643 2234 voculis
664 2176 733 2251 „c“,
757 2195 795 2234 ne
815 2175 918 2259 eliqua
937 2173 1181 2248 tonsonanseji-

178 2279 288 2349 ciutur3
308 2297 368 2356 qua
387 2278 517 2355 eleganti
538 2285 568 2335 et
587 2277 736 2354 frequenti
757 2280 874 2336 ratione
893 2295 949 2335 nec
968 2276 1080 2334 radicis
1094 2273 1181 2351 origo'

179 2379 366 2453 obscuratur,
386 2397 441 2438 nec
458 2379 617 2438 harmonia
636 2377 778 2438 laeditur:
798 2381 843 2440 sic
863 2399 901 2439 ex
921 2379 997 2438 cclcc
1015 2401 1049 2428 =
1066 2377 1184 2448 caelove,-

118 2471 121 2476 ’
179 2499 218 2539 ex
237 2483 339 2540 abund
357 2486 391 2534 '=
411 2481 504 2541 tucia
523 2490 578 2540 etc.

255 2583 314 2642 His
335 2601 374 2642 ex
392 2583 610 2642 mutationibus
629 2584 782 2643 teutonica
800 2585 907 2659 verba,
931 2603 1007 2663 quae
1027 2582 1111 2642 infra
1130 2580 1184 2640 adss'
1246 2619 1249 2626 »

174 2687 284 2766 jecturi
304 2702 417 2758 sumus,
437 2685 550 2761 optime
569 2685 766 2762 explicantur.
960 2673 962 2676 ¹
1083 2759 1085 2764 ,
1183 2684 1185 2689 ’

254 2787 304 2845 Ex
327 2787 431 2846 tabula
455 2805 547 2864 supra
569 2787 720 2864 descripta
738 2768 869 2866 'apparet
893 2791 1113 2848 teutonicorum
1134 2787 1184 2847 s0·'

179 2889 509 2974 norumintegritatem
529 2889 624 2948 multo
644 2889 754 2966 magis,
775 2909 869 2967 quam.
883 2890 1047 2948 latinorum
1061 2907 1181 2947 conser-

179 2999 278 3050 vatam
303 3009 379 3050 esse.
424 2989 505 3049 Nam
529 2991 600 3050 dum
623 2991 735 3049 latinae
759 2991 880 3051 vocales
909 2991 1074 3068 permultas
1098 2989 1181 3048 vices

180 3093 400 3165 sustinuerunt,
428 3101 458 3150 et
482 3093 617 3169 aspirato
640 3093 699 3168 „W
719 3093 882 3167 obmutuit,
907 3093 1011 3151 eadem
1035 3092 1183 3150 elementa

180 3195 333 3252 teutonica
356 3193 475 3271 integra
503 3189 687 3254 manserunt.
731 3193 841 3254 Nonne
870 3195 945 3252 haec
974 3213 1023 3254 res
1047 3193 1182 3252 testimo-

179 3296 262 3354 nium
282 3303 330 3354 est
347 3313 452 3372 puram
466 3295 649 3354 teutonicam
662 3297 943 3374 pronunciationem
962 3296 1009 3355 vel
1026 3299 1115 3371 juxta
1134 3295 1183 3353 vel

179 3395 259 3456 intra
277 3397 543 3482 trunco-[gallicam
562 3399 790 3474 perseverasse?
808 3431 846 3440 -
871 3397 971 3472 Quum
990 3397 1070 3455 enim
1089 3396 1185 3459 latina

178 3498 390 3574 pronunciatio
403 3499 504 3557 medio
518 3517 593 3558 aeuo
609 3499 702 3558 nimis
714 3508 831 3559 remote
843 3500 943 3573 fuerit7
962 3513 1106 3576 praesens
1119 3504 1183 3555 teu·
1294 3568 1298 3578 „

179 3599 288 3686 tonica·¹
298 3600 510 3676 pronunciatio
532 3600 658 3659 multum
677 3619 739 3659 non
758 3585 859 3662 valere
878 3619 940 3661 non
958 3599 1065 3678 potuit.
1083 3629 1123 3640 -·
1141 3597 1184 3668 -ld

177 3719 250 3758 vero
260 3701 392 3760 manime
402 3701 578 3760 affinitatem
587 3690 757 3782 tentonicae
768 3712 798 3761 et
807 3702 1053 3782 franco-gallicae
1062 3700 1184 3777 linguae

178 3783 302 3877 probati.
316 3803 402 3880 quod.
412 3804 480 3880 ipsa
491 3803 645 3861 teutonica
658 3802 805 3862 elementa
817 3804 1046 3883 franco-gallico
1060 3801 1183 3880 ingenio

179 3905 405 3964 accommodata
413 3913 492 3964 sunt.
501 3935 539 3946 -
550 3901 667 3976 Quodsi
677 3903 824 3963 historica
832 3925 882 3964 ars
892 3905 1097 3983 grammatica,
1107 3921 1184 3980 quae

179 4005 384 4082 cognitionem
393 4001 640 4083 stanno-gallicae
651 4003 774 4080 linguae
784 4007 912 4082 aperuit,
924 4005 1022 4084 magis
1033 4007 1110 4064 hanc
1121 3988 1186 4063 reni·

178 4108 357 4183 respexerit,
377 4107 472 4166 multo
491 4106 588 4174 adhuc
608 4103 738 4164 obscure
757 4106 789 4164 in
807 4106 905 4167 lucem
923 4107 1122 4184 proferentur.
1180 4153 1183 4158 .
